type,transaction_date,price,units_traded,total,count,timestamp
0,2023-11-15 00:00:00,49130000,0.00020354,9999,1,2023-11-15 00:00:00.221777
0,2023-11-15 00:00:01,49130000,0.16224892,6148884,2,2023-11-15 00:00:01.221777
0,2023-11-15 00:00:02,49130000,0.22447904,155157,4,2023-11-15 00:00:02.221777
0,0,0,0.0,0,0,2023-11-15 00:00:03.221777
0,0,0,0.0,0,0,2023-11-15 00:00:04.221778
0,2023-11-15 00:00:04,49141000,0.00020349,9999,1,2023-11-15 00:00:05.221778
1,2023-11-15 00:00:05,49130000,0.0031,152303,1,2023-11-15 00:00:05.221778
0,2023-11-15 00:00:05,49141000,0.007,343987,1,2023-11-15 00:00:06.221779
0,0,0,0.0,0,0,2023-11-15 00:00:07.221780
1,2023-11-15 00:00:07,49131000,0.00652026,320346,1,2023-11-15 00:00:08.221780
0,2023-11-15 00:00:09,49141000,0.04128522,1213611,2,2023-11-15 00:00:09.221780
0,0,0,0.0,0,0,2023-11-15 00:00:10.221781
1,2023-11-15 00:00:10,49131000,0.01100877,540871,1,2023-11-15 00:00:11.221781
0,0,0,0.0,0,0,2023-11-15 00:00:12.221781
1,2023-11-15 00:00:12,49137999,0.01083207,532266,1,2023-11-15 00:00:13.221782
1,2023-11-15 00:00:13,49138000,0.00929834,456901,1,2023-11-15 00:00:14.221782
1,2023-11-15 00:00:14,49127044,0.41450386,1964840,18,2023-11-15 00:00:15.221782
0,0,0,0.0,0,0,2023-11-15 00:00:16.221782
0,2023-11-15 00:00:16,49119000,0.00020353,9997,1,2023-11-15 00:00:17.221782
1,2023-11-15 00:00:16,49120457,0.04125793,1099999,2,2023-11-15 00:00:17.221782
1,2023-11-15 00:00:17,49117000,0.166,8153422,1,2023-11-15 00:00:18.221783
1,2023-11-15 00:00:18,49116587,0.1612,9999,30,2023-11-15 00:00:19.221784
1,2023-11-15 00:00:20,49115012,0.0162,692521,3,2023-11-15 00:00:20.221784
1,2023-11-15 00:00:21,49115000,0.039,1915485,1,2023-11-15 00:00:21.221784
1,2023-11-15 00:00:21,49115000,0.011,540265,1,2023-11-15 00:00:22.221784
0,0,0,0.0,0,0,2023-11-15 00:00:23.221784
0,0,0,0.0,0,0,2023-11-15 00:00:24.221784
0,0,0,0.0,0,0,2023-11-15 00:00:25.221785
1,2023-11-15 00:00:25,49116000,0.0034085,417,3,2023-11-15 00:00:26.221791
0,0,0,0.0,0,0,2023-11-15 00:00:27.221792
1,2023-11-15 00:00:27,49114999,0.01941836,559911,2,2023-11-15 00:00:28.221793
0,0,0,0.0,0,0,2023-11-15 00:00:29.221793
0,0,0,0.0,0,0,2023-11-15 00:00:30.221796
0,0,0,0.0,0,0,2023-11-15 00:00:31.221797
0,2023-11-15 00:00:31,49116000,0.0020275,99582,1,2023-11-15 00:00:32.221797
0,0,0,0.0,0,0,2023-11-15 00:00:33.221797
0,0,0,0.0,0,0,2023-11-15 00:00:34.221797
1,2023-11-15 00:00:34,49116000,0.03023149,584738,2,2023-11-15 00:00:35.221797
1,2023-11-15 00:00:35,49116000,0.01017899,499951,1,2023-11-15 00:00:36.221797
0,0,0,0.0,0,0,2023-11-15 00:00:37.221798
0,0,0,0.0,0,0,2023-11-15 00:00:38.221798
0,0,0,0.0,0,0,2023-11-15 00:00:39.221798
0,0,0,0.0,0,0,2023-11-15 00:00:40.221799
0,0,0,0.0,0,0,2023-11-15 00:00:41.221799
1,2023-11-15 00:00:41,49116000,0.00552086,271162,1,2023-11-15 00:00:42.221800
1,2023-11-15 00:00:42,49116000,0.07158338,1473480,3,2023-11-15 00:00:43.221801
0,2023-11-15 00:00:43,49128393,0.0023745,107813,2,2023-11-15 00:00:44.221802
1,2023-11-15 00:00:43,49116000,0.00122225,60032,1,2023-11-15 00:00:44.221802
0,0,0,0.0,0,0,2023-11-15 00:00:45.221803
0,0,0,0.0,0,0,2023-11-15 00:00:46.221804
1,2023-11-15 00:00:46,49116000,0.00773144,379737,1,2023-11-15 00:00:47.221805
0,0,0,0.0,0,0,2023-11-15 00:00:48.221806
0,0,0,0.0,0,0,2023-11-15 00:00:49.221807
1,2023-11-15 00:00:49,49116000,0.01405637,493928,2,2023-11-15 00:00:50.221808
0,0,0,0.0,0,0,2023-11-15 00:00:51.221809
0,0,0,0.0,0,0,2023-11-15 00:00:52.221810
0,2023-11-15 00:00:52,49129000,0.02035457,999999,1,2023-11-15 00:00:53.221811
0,0,0,0.0,0,0,2023-11-15 00:00:54.221811
0,2023-11-15 00:00:54,49129000,0.00101799,50012,1,2023-11-15 00:00:55.221811
0,0,0,0.0,0,0,2023-11-15 00:00:56.221811
0,0,0,0.0,0,0,2023-11-15 00:00:57.221812
0,0,0,0.0,0,0,2023-11-15 00:00:58.221812
0,0,0,0.0,0,0,2023-11-15 00:00:59.221813
0,0,0,0.0,0,0,2023-11-15 00:01:00.221814
0,0,0,0.0,0,0,2023-11-15 00:01:01.221815
0,2023-11-15 00:01:01,49129000,0.01638294,48800,2,2023-11-15 00:01:02.221815
1,2023-11-15 00:01:01,49116544,0.4375,2111988,7,2023-11-15 00:01:02.221815
0,0,0,0.0,0,0,2023-11-15 00:01:03.221815
1,2023-11-15 00:01:03,49118000,0.06533891,3209316,1,2023-11-15 00:01:04.221815
0,2023-11-15 00:01:04,49144318,0.77161288,999999,12,2023-11-15 00:01:05.221815
0,0,0,0.0,0,0,2023-11-15 00:01:06.221815
0,0,0,0.0,0,0,2023-11-15 00:01:07.221816
1,2023-11-15 00:01:07,49118000,0.00027422,13469,1,2023-11-15 00:01:08.221816
0,0,0,0.0,0,0,2023-11-15 00:01:09.221817
0,2023-11-15 00:01:09,49149000,0.01738179,854297,1,2023-11-15 00:01:10.221818
1,2023-11-15 00:01:10,49120000,0.01889999,928367,1,2023-11-15 00:01:11.221819
0,0,0,0.0,0,0,2023-11-15 00:01:12.221820
0,0,0,0.0,0,0,2023-11-15 00:01:13.221820
0,0,0,0.0,0,0,2023-11-15 00:01:14.221820
0,0,0,0.0,0,0,2023-11-15 00:01:15.221821
0,0,0,0.0,0,0,2023-11-15 00:01:16.221822
1,2023-11-15 00:01:16,49123000,0.0144440599999999,285465,2,2023-11-15 00:01:17.221822
1,2023-11-15 00:01:17,49123000,0.00834944,410149,1,2023-11-15 00:01:18.221824
0,0,0,0.0,0,0,2023-11-15 00:01:19.221825
1,2023-11-15 00:01:19,49123000,0.00550102,270226,1,2023-11-15 00:01:20.221825
0,0,0,0.0,0,0,2023-11-15 00:01:21.221825
0,0,0,0.0,0,0,2023-11-15 00:01:22.221826
0,0,0,0.0,0,0,2023-11-15 00:01:23.221827
0,0,0,0.0,0,0,2023-11-15 00:01:24.221827
0,0,0,0.0,0,0,2023-11-15 00:01:25.221828
0,0,0,0.0,0,0,2023-11-15 00:01:26.221828
0,0,0,0.0,0,0,2023-11-15 00:01:27.221828
0,0,0,0.0,0,0,2023-11-15 00:01:28.221828
0,0,0,0.0,0,0,2023-11-15 00:01:29.221828
0,0,0,0.0,0,0,2023-11-15 00:01:30.221828
1,2023-11-15 00:01:30,49122999,0.00551777,271049,1,2023-11-15 00:01:31.221829
0,2023-11-15 00:01:31,49129000,0.02432959,1195288,1,2023-11-15 00:01:32.221830
1,2023-11-15 00:01:33,49129000,0.0756,3714152,1,2023-11-15 00:01:33.221830
0,0,0,0.0,0,0,2023-11-15 00:01:34.221830
0,0,0,0.0,0,0,2023-11-15 00:01:35.221830
0,0,0,0.0,0,0,2023-11-15 00:01:36.221830
1,2023-11-15 00:01:36,49129000,7.041e-05,3459,1,2023-11-15 00:01:37.221837
0,2023-11-15 00:01:37,49130000,0.00305312,149999,1,2023-11-15 00:01:38.221837
1,2023-11-15 00:01:38,49123018,0.0071,6319,2,2023-11-15 00:01:39.221838
1,2023-11-15 00:01:40,49123000,0.1612,7918627,1,2023-11-15 00:01:40.221838
1,2023-11-15 00:01:40,49122345,0.0788392899999999,18682,6,2023-11-15 00:01:41.221838
1,2023-11-15 00:01:41,49118818,0.04631449,110999,7,2023-11-15 00:01:42.221839
1,2023-11-15 00:01:42,49115353,0.2932064599999999,294690,20,2023-11-15 00:01:43.221840
0,2023-11-15 00:01:43,49113000,0.00040721,19999,1,2023-11-15 00:01:44.221840
1,2023-11-15 00:01:43,49114869,0.16877542,107604,17,2023-11-15 00:01:44.221840
1,2023-11-15 00:01:44,49110653,0.0677175999999999,142148,21,2023-11-15 00:01:45.221840
1,2023-11-15 00:01:46,49109000,0.0081,291557,3,2023-11-15 00:01:46.221841
1,2023-11-15 00:01:46,49108558,0.33955163,9999,23,2023-11-15 00:01:47.221841
1,2023-11-15 00:01:47,49107000,0.03286909,1123032,2,2023-11-15 00:01:48.221842
1,2023-11-15 00:01:49,49105426,0.17,854409,12,2023-11-15 00:01:49.221842
1,2023-11-15 00:01:50,49104000,0.0068804,337855,1,2023-11-15 00:01:50.221842
0,0,0,0.0,0,0,2023-11-15 00:01:51.221842
1,2023-11-15 00:01:51,49104000,0.03880914,1083567,2,2023-11-15 00:01:52.221842
1,2023-11-15 00:01:53,49102225,0.0190766,5401,11,2023-11-15 00:01:53.221843
0,0,0,0.0,0,0,2023-11-15 00:01:54.221843
1,2023-11-15 00:01:54,49101000,0.05469223,1964040,9,2023-11-15 00:01:55.221844
1,2023-11-15 00:01:55,49101000,0.00624283,306529,1,2023-11-15 00:01:56.221845
0,0,0,0.0,0,0,2023-11-15 00:01:57.221845
1,2023-11-15 00:01:57,49100999,0.23755973,439205,4,2023-11-15 00:01:58.221845
1,2023-11-15 00:01:58,49101000,0.00733903,360353,1,2023-11-15 00:01:59.221845
0,0,0,0.0,0,0,2023-11-15 00:02:00.221845
0,0,0,0.0,0,0,2023-11-15 00:02:01.221845
1,2023-11-15 00:02:01,49102000,0.00576736,283188,1,2023-11-15 00:02:02.221846
1,2023-11-15 00:02:02,49102000,0.00653964,291721,2,2023-11-15 00:02:03.221847
1,2023-11-15 00:02:03,49102000,0.03616093,1775573,1,2023-11-15 00:02:04.221847
0,0,0,0.0,0,0,2023-11-15 00:02:05.221848
0,0,0,0.0,0,0,2023-11-15 00:02:06.221849
0,0,0,0.0,0,0,2023-11-15 00:02:07.221850
0,0,0,0.0,0,0,2023-11-15 00:02:08.221852
1,2023-11-15 00:02:08,49102000,0.11055743,5428590,1,2023-11-15 00:02:09.221853
0,0,0,0.0,0,0,2023-11-15 00:02:10.221854
1,2023-11-15 00:02:10,49102500,0.004,98204,2,2023-11-15 00:02:11.221855
0,0,0,0.0,0,0,2023-11-15 00:02:12.221855
0,0,0,0.0,0,0,2023-11-15 00:02:13.221856
0,0,0,0.0,0,0,2023-11-15 00:02:14.221856
1,2023-11-15 00:02:13,49103000,0.05527871,2714350,1,2023-11-15 00:02:15.221856
0,2023-11-15 00:02:15,49104000,0.0002851,13999,1,2023-11-15 00:02:16.221856
1,2023-11-15 00:02:15,49102406,0.02537097,738969,2,2023-11-15 00:02:16.221856
1,2023-11-15 00:02:17,49102002,0.08537708,199991,5,2023-11-15 00:02:17.221856
0,0,0,0.0,0,0,2023-11-15 00:02:18.221857
1,2023-11-15 00:02:18,49102000,0.0331,1625276,1,2023-11-15 00:02:19.221858
0,0,0,0.0,0,0,2023-11-15 00:02:20.221858
0,0,0,0.0,0,0,2023-11-15 00:02:21.221859
1,2023-11-15 00:02:22,49103000,0.0007,34372,1,2023-11-15 00:02:22.221859
0,0,0,0.0,0,0,2023-11-15 00:02:23.221859
0,0,0,0.0,0,0,2023-11-15 00:02:24.221859
0,2023-11-15 00:02:24,49103999,0.00033598,16497,1,2023-11-15 00:02:25.221860
1,2023-11-15 00:02:25,49103000,0.0013,63833,1,2023-11-15 00:02:25.221860
0,0,0,0.0,0,0,2023-11-15 00:02:26.221860
0,2023-11-15 00:02:26,49103000,0.00203649,99997,1,2023-11-15 00:02:27.221861
0,2023-11-15 00:02:28,49103000,0.00061258,30079,1,2023-11-15 00:02:28.221862
1,2023-11-15 00:02:27,49102000,0.01822714,894989,1,2023-11-15 00:02:28.221862
0,2023-11-15 00:02:28,49102999,0.24889579,9220063,3,2023-11-15 00:02:29.221863
0,2023-11-15 00:02:29,49103000,0.002,98206,1,2023-11-15 00:02:30.221864
1,2023-11-15 00:02:29,49102000,0.00434958,213573,1,2023-11-15 00:02:30.221864
0,0,0,0.0,0,0,2023-11-15 00:02:31.221864
0,0,0,0.0,0,0,2023-11-15 00:02:32.221865
0,2023-11-15 00:02:33,49103790,0.033,34629,3,2023-11-15 00:02:33.221866
1,2023-11-15 00:02:33,49102000,0.00073032,35860,1,2023-11-15 00:02:34.221866
0,0,0,0.0,0,0,2023-11-15 00:02:35.221866
0,0,0,0.0,0,0,2023-11-15 00:02:36.221867
0,2023-11-15 00:02:35,49103000,0.025,1227575,1,2023-11-15 00:02:37.221867
1,2023-11-15 00:02:37,49102000,0.0137689999999999,274527,3,2023-11-15 00:02:37.221867
0,2023-11-15 00:02:37,49103000,0.04093435,9999,2,2023-11-15 00:02:38.221867
0,0,0,0.0,0,0,2023-11-15 00:02:39.221867
0,0,0,0.0,0,0,2023-11-15 00:02:40.221867
0,2023-11-15 00:02:40,49104000,0.00020365,10000,1,2023-11-15 00:02:41.221867
1,2023-11-15 00:02:40,49101999,0.10081295,2602598,2,2023-11-15 00:02:41.221867
0,0,0,0.0,0,0,2023-11-15 00:02:42.221867
0,0,0,0.0,0,0,2023-11-15 00:02:43.221867
1,2023-11-15 00:02:43,49102000,0.00155997,76597,1,2023-11-15 00:02:44.221867
0,2023-11-15 00:02:44,49104000,0.00035244,17306,1,2023-11-15 00:02:45.221867
0,2023-11-15 00:02:45,49104000,0.00145981,71682,1,2023-11-15 00:02:46.221867
1,2023-11-15 00:02:45,49102000,0.00199604,98009,1,2023-11-15 00:02:46.221867
0,2023-11-15 00:02:47,49104000,0.00020364,9999,1,2023-11-15 00:02:47.221868
0,2023-11-15 00:02:47,49104000,0.05,1590182,2,2023-11-15 00:02:48.221869
0,0,0,0.0,0,0,2023-11-15 00:02:49.221870
0,2023-11-15 00:02:49,49104000,0.03271181,1606280,1,2023-11-15 00:02:50.221871
0,0,0,0.0,0,0,2023-11-15 00:02:51.221873
0,2023-11-15 00:02:52,49104000,0.02036493,999999,1,2023-11-15 00:02:52.221874
0,0,0,0.0,0,0,2023-11-15 00:02:53.221874
0,2023-11-15 00:02:53,49104000,0.00407282,199991,1,2023-11-15 00:02:54.221874
0,0,0,0.0,0,0,2023-11-15 00:02:55.221874
0,0,0,0.0,0,0,2023-11-15 00:02:56.221875
0,0,0,0.0,0,0,2023-11-15 00:02:57.221876
0,2023-11-15 00:02:58,49104000,0.00406875,199791,1,2023-11-15 00:02:58.221876
0,0,0,0.0,0,0,2023-11-15 00:02:59.221876
0,0,0,0.0,0,0,2023-11-15 00:03:00.221877
0,0,0,0.0,0,0,2023-11-15 00:03:01.221877
0,2023-11-15 00:03:01,49104000,0.166,858996,2,2023-11-15 00:03:02.221878
0,2023-11-15 00:03:02,49132928,0.3,2455750,8,2023-11-15 00:03:03.221879
1,2023-11-15 00:03:03,49107000,0.0015885,78006,1,2023-11-15 00:03:03.221879
0,0,0,0.0,0,0,2023-11-15 00:03:04.221880
0,0,0,0.0,0,0,2023-11-15 00:03:05.221880
0,0,0,0.0,0,0,2023-11-15 00:03:06.221880
0,0,0,0.0,0,0,2023-11-15 00:03:07.221881
0,0,0,0.0,0,0,2023-11-15 00:03:08.221882
0,0,0,0.0,0,0,2023-11-15 00:03:09.221883
0,0,0,0.0,0,0,2023-11-15 00:03:10.221883
0,0,0,0.0,0,0,2023-11-15 00:03:11.221883
0,0,0,0.0,0,0,2023-11-15 00:03:12.221883
1,2023-11-15 00:03:13,49109000,0.02239915,1099999,1,2023-11-15 00:03:13.221883
0,0,0,0.0,0,0,2023-11-15 00:03:14.221884
0,0,0,0.0,0,0,2023-11-15 00:03:15.221885
0,0,0,0.0,0,0,2023-11-15 00:03:16.221885
0,0,0,0.0,0,0,2023-11-15 00:03:17.221885
0,2023-11-15 00:03:17,49107000,0.002,98214,1,2023-11-15 00:03:18.221885
0,0,0,0.0,0,0,2023-11-15 00:03:19.221886
0,2023-11-15 00:03:19,49107000,0.00620304,156934,2,2023-11-15 00:03:20.221887
0,2023-11-15 00:03:20,49107000,0.00606977,298068,1,2023-11-15 00:03:21.221887
0,2023-11-15 00:03:21,49107000,0.00840402,412696,1,2023-11-15 00:03:22.221887
0,0,0,0.0,0,0,2023-11-15 00:03:23.221887
1,2023-11-15 00:03:23,49107000,0.01022531,502134,1,2023-11-15 00:03:24.221888
0,2023-11-15 00:03:24,49136000,0.00020351,9999,1,2023-11-15 00:03:25.221888
0,0,0,0.0,0,0,2023-11-15 00:03:26.221888
0,0,0,0.0,0,0,2023-11-15 00:03:27.221889
1,2023-11-15 00:03:27,49107000,0.00427048,209710,1,2023-11-15 00:03:28.221889
0,0,0,0.0,0,0,2023-11-15 00:03:29.221889
0,0,0,0.0,0,0,2023-11-15 00:03:30.221889
1,2023-11-15 00:03:30,49105750,0.19228423,2701108,10,2023-11-15 00:03:31.221890
0,0,0,0.0,0,0,2023-11-15 00:03:32.221890
0,0,0,0.0,0,0,2023-11-15 00:03:33.221890
0,0,0,0.0,0,0,2023-11-15 00:03:34.221890
0,0,0,0.0,0,0,2023-11-15 00:03:35.221891
1,2023-11-15 00:03:35,49107000,0.0063330999999999,110999,2,2023-11-15 00:03:36.221891
0,0,0,0.0,0,0,2023-11-15 00:03:37.221891
0,0,0,0.0,0,0,2023-11-15 00:03:38.221892
0,2023-11-15 00:03:39,49126000,0.00407116,199999,1,2023-11-15 00:03:39.221892
1,2023-11-15 00:03:38,49104124,0.22473832,5939318,3,2023-11-15 00:03:39.221892
0,0,0,0.0,0,0,2023-11-15 00:03:40.221892
1,2023-11-15 00:03:40,49106000,0.00710813,349051,1,2023-11-15 00:03:41.221893
0,0,0,0.0,0,0,2023-11-15 00:03:42.221893
0,0,0,0.0,0,0,2023-11-15 00:03:43.221893
1,2023-11-15 00:03:43,49106000,0.01583003,9999,4,2023-11-15 00:03:44.221893
1,2023-11-15 00:03:44,49104000,0.166,8151264,1,2023-11-15 00:03:45.221893
1,2023-11-15 00:03:45,49104000,0.08200059,4026556,1,2023-11-15 00:03:46.221894
0,2023-11-15 00:03:46,49105000,0.002,98210,1,2023-11-15 00:03:47.221894
1,2023-11-15 00:03:46,49104000,0.166,8151264,1,2023-11-15 00:03:47.221894
0,2023-11-15 00:03:47,49106000,0.014,687484,1,2023-11-15 00:03:48.221895
1,2023-11-15 00:03:47,49104000,0.0483323,2373309,1,2023-11-15 00:03:48.221895
0,2023-11-15 00:03:49,49105999,0.00581699,285649,1,2023-11-15 00:03:49.221895
0,0,0,0.0,0,0,2023-11-15 00:03:50.221895
0,0,0,0.0,0,0,2023-11-15 00:03:51.221895
1,2023-11-15 00:03:52,49103999,0.02045359,336538,2,2023-11-15 00:03:52.221896
0,0,0,0.0,0,0,2023-11-15 00:03:53.221897
0,2023-11-15 00:03:54,49105000,0.01973641,969156,1,2023-11-15 00:03:54.221897
1,2023-11-15 00:03:53,49104000,0.14714932,3649269,4,2023-11-15 00:03:54.221897
0,0,0,0.0,0,0,2023-11-15 00:03:55.221897
0,0,0,0.0,0,0,2023-11-15 00:03:56.221897
1,2023-11-15 00:03:56,49103999,0.93022577,9820,4,2023-11-15 00:03:57.221898
0,0,0,0.0,0,0,2023-11-15 00:03:58.221898
0,0,0,0.0,0,0,2023-11-15 00:03:59.221899
0,0,0,0.0,0,0,2023-11-15 00:04:00.221900
0,2023-11-15 00:04:01,49104000,0.00891583,437802,1,2023-11-15 00:04:01.221901
1,2023-11-15 00:04:00,49103000,0.0101195,496897,1,2023-11-15 00:04:01.221901
0,0,0,0.0,0,0,2023-11-15 00:04:02.221901
0,0,0,0.0,0,0,2023-11-15 00:04:03.221901
0,0,0,0.0,0,0,2023-11-15 00:04:04.221901
0,0,0,0.0,0,0,2023-11-15 00:04:05.221901
0,0,0,0.0,0,0,2023-11-15 00:04:06.221902
1,2023-11-15 00:04:06,49103000,0.00045038,22115,1,2023-11-15 00:04:07.221903
1,2023-11-15 00:04:07,49103000,0.00513291,252041,1,2023-11-15 00:04:08.221904
0,0,0,0.0,0,0,2023-11-15 00:04:09.221904
0,0,0,0.0,0,0,2023-11-15 00:04:10.221905
0,0,0,0.0,0,0,2023-11-15 00:04:11.221905
1,2023-11-15 00:04:11,49103000,0.09626058,386737,3,2023-11-15 00:04:12.221906
0,0,0,0.0,0,0,2023-11-15 00:04:13.221907
0,0,0,0.0,0,0,2023-11-15 00:04:14.221907
1,2023-11-15 00:04:14,49101999,0.00020379,10006,1,2023-11-15 00:04:15.221907
0,0,0,0.0,0,0,2023-11-15 00:04:16.221907
0,0,0,0.0,0,0,2023-11-15 00:04:17.221908
0,0,0,0.0,0,0,2023-11-15 00:04:18.221908
0,0,0,0.0,0,0,2023-11-15 00:04:19.221909
0,0,0,0.0,0,0,2023-11-15 00:04:20.221910
0,0,0,0.0,0,0,2023-11-15 00:04:21.221910
0,2023-11-15 00:04:22,49103261,0.02036493,261903,3,2023-11-15 00:04:22.221910
1,2023-11-15 00:04:21,49102000,0.01811008,889241,1,2023-11-15 00:04:22.221910
1,2023-11-15 00:04:22,49102000,0.00710209,25180,2,2023-11-15 00:04:23.221910
1,2023-11-15 00:04:24,49102000,0.13737643,780721,10,2023-11-15 00:04:24.221910
0,0,0,0.0,0,0,2023-11-15 00:04:25.221910
0,2023-11-15 00:04:25,49104000,0.00020364,9999,1,2023-11-15 00:04:26.221913
1,2023-11-15 00:04:25,49102000,0.03135504,444620,5,2023-11-15 00:04:26.221913
0,0,0,0.0,0,0,2023-11-15 00:04:27.221914
1,2023-11-15 00:04:27,49102000,0.1424,99999,5,2023-11-15 00:04:28.221914
1,2023-11-15 00:04:28,49101999,0.01721798,840875,2,2023-11-15 00:04:29.221914
0,0,0,0.0,0,0,2023-11-15 00:04:30.221915
0,0,0,0.0,0,0,2023-11-15 00:04:31.221915
0,0,0,0.0,0,0,2023-11-15 00:04:32.221916
0,0,0,0.0,0,0,2023-11-15 00:04:33.221917
0,2023-11-15 00:04:33,49104000,0.0011295,55462,1,2023-11-15 00:04:34.221918
1,2023-11-15 00:04:33,49102000,0.01341339,499999,2,2023-11-15 00:04:34.221918
0,2023-11-15 00:04:34,49101076,0.07999758,3777964,3,2023-11-15 00:04:35.221919
1,2023-11-15 00:04:34,49101012,0.10426598,99999,8,2023-11-15 00:04:35.221919
0,0,0,0.0,0,0,2023-11-15 00:04:36.221920
0,0,0,0.0,0,0,2023-11-15 00:04:37.221920
0,2023-11-15 00:04:37,49101000,0.00203657,99997,1,2023-11-15 00:04:38.221920
1,2023-11-15 00:04:38,49100000,0.07627196,199999,17,2023-11-15 00:04:39.221921
0,2023-11-15 00:04:39,49101000,0.02,982020,1,2023-11-15 00:04:40.221921
1,2023-11-15 00:04:40,49100000,0.06008856,2850341,2,2023-11-15 00:04:40.221921
0,0,0,0.0,0,0,2023-11-15 00:04:41.221922
0,2023-11-15 00:04:41,49101000,0.00203657,99997,1,2023-11-15 00:04:42.221922
1,2023-11-15 00:04:43,49100000,0.035,1718500,1,2023-11-15 00:04:43.221922
0,2023-11-15 00:04:43,49101000,0.04073705,2000229,1,2023-11-15 00:04:44.221923
0,2023-11-15 00:04:45,49101000,0.00098356,48293,1,2023-11-15 00:04:45.221923
1,2023-11-15 00:04:44,49100000,0.05167238,294600,9,2023-11-15 00:04:45.221923
0,2023-11-15 00:04:45,49101000,0.00215256,105692,1,2023-11-15 00:04:46.221924
1,2023-11-15 00:04:46,49100000,0.98106734,900350,35,2023-11-15 00:04:46.221924
0,2023-11-15 00:04:47,49101000,0.0349779599999999,37545,3,2023-11-15 00:04:47.221925
1,2023-11-15 00:04:46,49100000,0.00597904,36621,4,2023-11-15 00:04:47.221925
1,2023-11-15 00:04:47,49100027,0.4999999999999999,1798000,8,2023-11-15 00:04:48.221925
0,0,0,0.0,0,0,2023-11-15 00:04:49.221926
0,0,0,0.0,0,0,2023-11-15 00:04:50.221926
1,2023-11-15 00:04:50,49101000,0.00089179,43787,1,2023-11-15 00:04:51.221927
1,2023-11-15 00:04:52,49101000,0.00521809,200003,2,2023-11-15 00:04:52.221927
1,2023-11-15 00:04:52,49100000,0.0238088399999999,1075724,2,2023-11-15 00:04:53.221927
1,2023-11-15 00:04:53,49100000,0.0227,157120,3,2023-11-15 00:04:54.221928
1,2023-11-15 00:04:54,49099999,0.12026189,795420,4,2023-11-15 00:04:55.221929
1,2023-11-15 00:04:55,49099999,0.0499999999999999,35005,4,2023-11-15 00:04:56.221930
1,2023-11-15 00:04:56,49100437,0.00931626,257428,2,2023-11-15 00:04:57.221930
0,0,0,0.0,0,0,2023-11-15 00:04:58.221930
0,0,0,0.0,0,0,2023-11-15 00:04:59.221931
0,0,0,0.0,0,0,2023-11-15 00:05:00.221931
0,2023-11-15 00:04:59,49101000,0.00203657,99997,1,2023-11-15 00:05:01.221931
1,2023-11-15 00:04:59,49100000,0.0063,309330,1,2023-11-15 00:05:01.221931
0,2023-11-15 00:05:02,49101000,0.006,294606,1,2023-11-15 00:05:02.221931
1,2023-11-15 00:05:02,49100000,0.0021,103110,1,2023-11-15 00:05:03.221931
1,2023-11-15 00:05:03,49099999,0.04154432,966844,3,2023-11-15 00:05:04.221931
1,2023-11-15 00:05:05,49100000,0.9626584,44190,15,2023-11-15 00:05:05.221931
0,2023-11-15 00:05:05,49101000,0.0010183,49999,1,2023-11-15 00:05:06.221932
0,2023-11-15 00:05:07,49101000,0.002,98202,1,2023-11-15 00:05:07.221932
0,0,0,0.0,0,0,2023-11-15 00:05:08.221932
1,2023-11-15 00:05:09,49100000,0.06142845,2560812,2,2023-11-15 00:05:09.221932
0,0,0,0.0,0,0,2023-11-15 00:05:10.221932
1,2023-11-15 00:05:10,49100000,0.03115824,1529869,1,2023-11-15 00:05:11.221933
0,2023-11-15 00:05:11,49101000,0.00010185,5000,1,2023-11-15 00:05:12.221934
1,2023-11-15 00:05:11,49100000,0.00580114,284835,1,2023-11-15 00:05:12.221934
1,2023-11-15 00:05:12,49098501,0.61477995,499694,40,2023-11-15 00:05:13.221934
1,2023-11-15 00:05:13,49100000,0.00020366,9999,1,2023-11-15 00:05:14.221934
0,0,0,0.0,0,0,2023-11-15 00:05:15.221935
1,2023-11-15 00:05:15,49093000,0.0031852,156371,1,2023-11-15 00:05:16.221935
0,0,0,0.0,0,0,2023-11-15 00:05:17.221935
1,2023-11-15 00:05:17,49093000,0.00040762,20011,1,2023-11-15 00:05:18.221935
0,2023-11-15 00:05:19,49100000,0.00101832,49999,1,2023-11-15 00:05:19.221935
0,0,0,0.0,0,0,2023-11-15 00:05:20.221935
0,0,0,0.0,0,0,2023-11-15 00:05:21.221936
0,0,0,0.0,0,0,2023-11-15 00:05:22.221937
1,2023-11-15 00:05:23,49093000,0.0499999999999999,19999,5,2023-11-15 00:05:23.221938
0,0,0,0.0,0,0,2023-11-15 00:05:24.221938
1,2023-11-15 00:05:24,49093000,0.03731064,1831691,1,2023-11-15 00:05:25.221939
0,0,0,0.0,0,0,2023-11-15 00:05:26.221939
0,2023-11-15 00:05:25,49093000,0.00010186,5000,1,2023-11-15 00:05:27.221940
0,0,0,0.0,0,0,2023-11-15 00:05:28.221940
0,0,0,0.0,0,0,2023-11-15 00:05:29.221941
0,0,0,0.0,0,0,2023-11-15 00:05:30.221941
0,0,0,0.0,0,0,2023-11-15 00:05:31.221942
1,2023-11-15 00:05:32,49091999,0.0097,426192,2,2023-11-15 00:05:32.221942
0,2023-11-15 00:05:32,49093000,0.002,98186,1,2023-11-15 00:05:33.221942
1,2023-11-15 00:05:32,49092000,0.0186999999999999,152185,2,2023-11-15 00:05:33.221942
0,2023-11-15 00:05:34,49093000,0.00203695,99999,1,2023-11-15 00:05:34.221943
1,2023-11-15 00:05:33,49092000,0.0115,72804,2,2023-11-15 00:05:34.221943
1,2023-11-15 00:05:34,49090189,0.0186196299999999,499999,6,2023-11-15 00:05:35.221943
0,0,0,0.0,0,0,2023-11-15 00:05:36.221943
0,0,0,0.0,0,0,2023-11-15 00:05:37.221944
0,0,0,0.0,0,0,2023-11-15 00:05:38.221945
1,2023-11-15 00:05:38,49090000,0.03059019,1269760,2,2023-11-15 00:05:39.221946
0,0,0,0.0,0,0,2023-11-15 00:05:40.221947
0,0,0,0.0,0,0,2023-11-15 00:05:41.221948
0,0,0,0.0,0,0,2023-11-15 00:05:42.221949
1,2023-11-15 00:05:42,49089943,0.07663993,49999,10,2023-11-15 00:05:43.221950
0,2023-11-15 00:05:43,49092000,0.00061108,29999,1,2023-11-15 00:05:44.221950
0,2023-11-15 00:05:44,49090000,0.00101853,49999,1,2023-11-15 00:05:45.221951
0,0,0,0.0,0,0,2023-11-15 00:05:46.221951
0,0,0,0.0,0,0,2023-11-15 00:05:47.221952
0,2023-11-15 00:05:47,49090000,0.00101853,49999,1,2023-11-15 00:05:48.221953
0,0,0,0.0,0,0,2023-11-15 00:05:49.221953
0,0,0,0.0,0,0,2023-11-15 00:05:50.221954
0,0,0,0.0,0,0,2023-11-15 00:05:51.221955
1,2023-11-15 00:05:51,49089000,0.0065902,323506,1,2023-11-15 00:05:52.221955
0,0,0,0.0,0,0,2023-11-15 00:05:53.221955
0,2023-11-15 00:05:54,49089999,0.04417558,2168579,1,2023-11-15 00:05:54.221956
1,2023-11-15 00:05:53,49088999,0.01062602,128115,4,2023-11-15 00:05:54.221956
0,2023-11-15 00:05:54,49090000,0.002,98180,1,2023-11-15 00:05:55.221956
1,2023-11-15 00:05:55,49089000,0.01647455,802759,2,2023-11-15 00:05:56.221956
1,2023-11-15 00:05:56,49089000,0.00384277,53,5,2023-11-15 00:05:57.221957
0,0,0,0.0,0,0,2023-11-15 00:05:58.221957
0,0,0,0.0,0,0,2023-11-15 00:05:59.221957
0,2023-11-15 00:05:59,49090000,0.00203707,99999,1,2023-11-15 00:06:00.221957
1,2023-11-15 00:05:59,49089000,0.03533089,1634411,2,2023-11-15 00:06:00.221957
0,0,0,0.0,0,0,2023-11-15 00:06:01.221957
0,2023-11-15 00:06:02,49090000,0.0001028,5046,1,2023-11-15 00:06:02.221957
0,2023-11-15 00:06:03,49090000,0.001,49090,1,2023-11-15 00:06:03.221957
0,0,0,0.0,0,0,2023-11-15 00:06:04.221957
0,0,0,0.0,0,0,2023-11-15 00:06:05.221958
0,2023-11-15 00:06:05,49090000,0.00648694,318443,1,2023-11-15 00:06:06.221958
0,0,0,0.0,0,0,2023-11-15 00:06:07.221959
0,2023-11-15 00:06:07,49090000,0.0002037,9999,1,2023-11-15 00:06:08.221960
1,2023-11-15 00:06:06,49088999,0.02984874,1408083,2,2023-11-15 00:06:08.221960
1,2023-11-15 00:06:08,49089000,0.00414641,203543,1,2023-11-15 00:06:09.221961
0,0,0,0.0,0,0,2023-11-15 00:06:10.221961
1,2023-11-15 00:06:10,49089000,0.16713599,8204538,1,2023-11-15 00:06:11.221962
0,0,0,0.0,0,0,2023-11-15 00:06:12.221963
0,0,0,0.0,0,0,2023-11-15 00:06:13.221963
0,2023-11-15 00:06:13,49090000,0.011,539990,1,2023-11-15 00:06:14.221964
0,0,0,0.0,0,0,2023-11-15 00:06:15.221964
0,2023-11-15 00:06:15,49090000,0.0002037,9999,1,2023-11-15 00:06:16.221965
1,2023-11-15 00:06:16,49088999,0.06926248,2997496,2,2023-11-15 00:06:16.221965
1,2023-11-15 00:06:16,49089000,0.03995228,1961217,1,2023-11-15 00:06:17.221965
0,2023-11-15 00:06:17,49090000,0.00751539,368930,1,2023-11-15 00:06:18.221966
1,2023-11-15 00:06:17,49089000,0.02502642,1228521,1,2023-11-15 00:06:18.221966
0,0,0,0.0,0,0,2023-11-15 00:06:19.221966
0,0,0,0.0,0,0,2023-11-15 00:06:20.221966
0,0,0,0.0,0,0,2023-11-15 00:06:21.221966
0,0,0,0.0,0,0,2023-11-15 00:06:22.221967
0,0,0,0.0,0,0,2023-11-15 00:06:23.221968
0,0,0,0.0,0,0,2023-11-15 00:06:24.221968
1,2023-11-15 00:06:24,49089000,0.0250133,1227877,1,2023-11-15 00:06:25.221969
0,2023-11-15 00:06:26,49090000,0.00203707,99999,1,2023-11-15 00:06:26.221969
1,2023-11-15 00:06:26,49089000,0.08207979,4029214,1,2023-11-15 00:06:27.221970
0,2023-11-15 00:06:27,49090000,0.01407815,691096,1,2023-11-15 00:06:28.221971
1,2023-11-15 00:06:27,49089000,0.13043161,2686334,2,2023-11-15 00:06:28.221971
0,2023-11-15 00:06:28,49090000,0.00203707,99999,1,2023-11-15 00:06:29.221971
1,2023-11-15 00:06:28,49089000,0.29877495,14666563,1,2023-11-15 00:06:29.221971
0,0,0,0.0,0,0,2023-11-15 00:06:30.221971
1,2023-11-15 00:06:31,49089000,0.13544585,330661,12,2023-11-15 00:06:31.221971
0,2023-11-15 00:06:31,49090000,0.00020395,10011,1,2023-11-15 00:06:32.221971
1,2023-11-15 00:06:32,49088999,0.01369583,49089,4,2023-11-15 00:06:32.221971
1,2023-11-15 00:06:32,49089000,0.00675033,331366,1,2023-11-15 00:06:33.221972
1,2023-11-15 00:06:34,49089000,0.03069924,9663,3,2023-11-15 00:06:34.221973
1,2023-11-15 00:06:34,49088000,0.02037,999922,1,2023-11-15 00:06:35.221973
0,0,0,0.0,0,0,2023-11-15 00:06:36.221973
0,2023-11-15 00:06:36,49089000,0.00040381,19822,1,2023-11-15 00:06:37.221973
1,2023-11-15 00:06:37,49088000,0.0028,137446,1,2023-11-15 00:06:38.221973
1,2023-11-15 00:06:38,49088000,0.04199211,1693148,2,2023-11-15 00:06:39.221974
0,2023-11-15 00:06:39,49089000,0.06435943,3159340,1,2023-11-15 00:06:40.221974
1,2023-11-15 00:06:40,49088000,0.0181156,780499,2,2023-11-15 00:06:41.221974
0,2023-11-15 00:06:42,49089000,0.01761216,864563,1,2023-11-15 00:06:42.221974
0,0,0,0.0,0,0,2023-11-15 00:06:43.221975
1,2023-11-15 00:06:43,49088000,0.02037158,1000000,1,2023-11-15 00:06:44.221975
0,0,0,0.0,0,0,2023-11-15 00:06:45.221975
0,2023-11-15 00:06:45,49089000,0.01097431,30000,2,2023-11-15 00:06:46.221975
0,2023-11-15 00:06:46,49089000,0.00010389,5099,1,2023-11-15 00:06:47.221976
1,2023-11-15 00:06:46,49088000,0.1056,271629,2,2023-11-15 00:06:47.221976
1,2023-11-15 00:06:48,49083735,0.24613988,494709,50,2023-11-15 00:06:48.221977
0,0,0,0.0,0,0,2023-11-15 00:06:49.221979
1,2023-11-15 00:06:50,49080500,0.00540596,10000,7,2023-11-15 00:06:50.221980
0,2023-11-15 00:06:50,49081000,0.00814979,399999,1,2023-11-15 00:06:51.221980
1,2023-11-15 00:06:51,49080000,0.01,453455,2,2023-11-15 00:06:52.221980
0,2023-11-15 00:06:52,49089000,0.00203711,99999,1,2023-11-15 00:06:53.221983
0,0,0,0.0,0,0,2023-11-15 00:06:54.221983
0,2023-11-15 00:06:55,49089000,0.00010185,4999,1,2023-11-15 00:06:55.221983
1,2023-11-15 00:06:54,49080000,0.03189987,1565645,1,2023-11-15 00:06:55.221983
1,2023-11-15 00:06:55,49080000,0.00041471,20353,1,2023-11-15 00:06:56.221983
0,0,0,0.0,0,0,2023-11-15 00:06:57.221984
1,2023-11-15 00:06:57,49080000,0.05780869,2837250,1,2023-11-15 00:06:58.221984
0,0,0,0.0,0,0,2023-11-15 00:06:59.221985
1,2023-11-15 00:07:00,49080000,0.1582997799999999,9999,12,2023-11-15 00:07:00.221986
0,0,0,0.0,0,0,2023-11-15 00:07:01.221986
1,2023-11-15 00:07:01,49080000,0.1254,99999,18,2023-11-15 00:07:02.221986
1,2023-11-15 00:07:03,49080000,0.03198938,19999,5,2023-11-15 00:07:03.221987
0,0,0,0.0,0,0,2023-11-15 00:07:04.221987
0,0,0,0.0,0,0,2023-11-15 00:07:05.221987
1,2023-11-15 00:07:05,49079000,0.00259288,127255,1,2023-11-15 00:07:06.221987
1,2023-11-15 00:07:06,49079000,0.00572607,5398,6,2023-11-15 00:07:07.221987
0,2023-11-15 00:07:08,49079000,0.02037531,999999,1,2023-11-15 00:07:08.221987
0,0,0,0.0,0,0,2023-11-15 00:07:09.221987
0,0,0,0.0,0,0,2023-11-15 00:07:10.221988
0,0,0,0.0,0,0,2023-11-15 00:07:11.221988
0,0,0,0.0,0,0,2023-11-15 00:07:12.221989
0,0,0,0.0,0,0,2023-11-15 00:07:13.221990
0,0,0,0.0,0,0,2023-11-15 00:07:14.221990
0,2023-11-15 00:07:14,49079000,0.03056234,1499969,1,2023-11-15 00:07:15.221991
0,0,0,0.0,0,0,2023-11-15 00:07:16.221991
0,2023-11-15 00:07:16,49079000,0.02218892,99999,2,2023-11-15 00:07:17.221991
0,2023-11-15 00:07:17,49079000,0.01560079,765671,1,2023-11-15 00:07:18.221992
0,0,0,0.0,0,0,2023-11-15 00:07:19.221993
0,0,0,0.0,0,0,2023-11-15 00:07:20.221993
0,0,0,0.0,0,0,2023-11-15 00:07:21.221994
0,0,0,0.0,0,0,2023-11-15 00:07:22.221995
0,0,0,0.0,0,0,2023-11-15 00:07:23.221995
0,0,0,0.0,0,0,2023-11-15 00:07:24.221995
0,0,0,0.0,0,0,2023-11-15 00:07:25.221995
1,2023-11-15 00:07:25,49077139,0.01383422,99999,12,2023-11-15 00:07:26.221995
0,0,0,0.0,0,0,2023-11-15 00:07:27.221996
0,2023-11-15 00:07:27,49079000,0.00203753,99999,1,2023-11-15 00:07:28.221997
1,2023-11-15 00:07:27,49077000,0.0046,12800,2,2023-11-15 00:07:28.221997
1,2023-11-15 00:07:28,49077000,0.0060475699999999,9999,2,2023-11-15 00:07:29.221998
1,2023-11-15 00:07:29,49076000,0.0046,225749,1,2023-11-15 00:07:30.221999
0,0,0,0.0,0,0,2023-11-15 00:07:31.221999
1,2023-11-15 00:07:31,49076000,0.005,245380,1,2023-11-15 00:07:32.221999
1,2023-11-15 00:07:32,49076000,0.0046,225749,1,2023-11-15 00:07:33.221999
0,2023-11-15 00:07:33,49079000,0.0260686,1279420,1,2023-11-15 00:07:34.221999
1,2023-11-15 00:07:34,49076000,0.0048577299999999,2833,6,2023-11-15 00:07:34.221999
0,0,0,0.0,0,0,2023-11-15 00:07:35.221999
1,2023-11-15 00:07:36,49074085,0.02244372,93240,10,2023-11-15 00:07:36.222000
1,2023-11-15 00:07:37,49073999,0.009,220860,2,2023-11-15 00:07:37.222000
1,2023-11-15 00:07:37,49073721,0.0453604899999999,5478,18,2023-11-15 00:07:38.222000
0,0,0,0.0,0,0,2023-11-15 00:07:39.222001
0,0,0,0.0,0,0,2023-11-15 00:07:40.222002
0,0,0,0.0,0,0,2023-11-15 00:07:41.222003
0,2023-11-15 00:07:41,49074000,0.04171006,57863,2,2023-11-15 00:07:42.222004
1,2023-11-15 00:07:42,49070023,0.5733941699999999,99999,24,2023-11-15 00:07:42.222004
1,2023-11-15 00:07:43,49069999,0.14231184,1840406,3,2023-11-15 00:07:43.222005
0,0,0,0.0,0,0,2023-11-15 00:07:44.222006
0,0,0,0.0,0,0,2023-11-15 00:07:45.222007
0,0,0,0.0,0,0,2023-11-15 00:07:46.222007
0,0,0,0.0,0,0,2023-11-15 00:07:47.222008
1,2023-11-15 00:07:46,49069999,0.0214797,1054008,1,2023-11-15 00:07:48.222008
1,2023-11-15 00:07:48,49069989,0.37123401,9999,7,2023-11-15 00:07:49.222008
1,2023-11-15 00:07:49,49070000,0.00010191,5000,1,2023-11-15 00:07:50.222009
0,0,0,0.0,0,0,2023-11-15 00:07:51.222009
0,2023-11-15 00:07:51,49070000,0.00010191,5000,1,2023-11-15 00:07:52.222010
0,0,0,0.0,0,0,2023-11-15 00:07:53.222010
0,0,0,0.0,0,0,2023-11-15 00:07:54.222010
0,0,0,0.0,0,0,2023-11-15 00:07:55.222011
0,0,0,0.0,0,0,2023-11-15 00:07:56.222011
0,2023-11-15 00:07:56,49070000,0.00018906,9277,1,2023-11-15 00:07:57.222012
0,2023-11-15 00:07:57,49070000,0.002,98140,1,2023-11-15 00:07:58.222013
1,2023-11-15 00:07:57,49069000,0.0049488899999999,206089,6,2023-11-15 00:07:58.222013
0,0,0,0.0,0,0,2023-11-15 00:07:59.222013
1,2023-11-15 00:07:59,49069000,0.0043,210996,1,2023-11-15 00:08:00.222013
1,2023-11-15 00:08:00,49069000,0.0042,206089,1,2023-11-15 00:08:01.222013
0,2023-11-15 00:08:02,49070000,0.002,98140,1,2023-11-15 00:08:02.222013
0,2023-11-15 00:08:02,49070870,0.5679114099999999,2017764,4,2023-11-15 00:08:03.222014
0,0,0,0.0,0,0,2023-11-15 00:08:04.222014
0,2023-11-15 00:08:04,49073000,0.00075397,36999,1,2023-11-15 00:08:05.222015
0,0,0,0.0,0,0,2023-11-15 00:08:06.222016
0,0,0,0.0,0,0,2023-11-15 00:08:07.222016
0,2023-11-15 00:08:07,49073000,0.00085767,42088,1,2023-11-15 00:08:08.222016
1,2023-11-15 00:08:08,49071000,0.0203583,999002,1,2023-11-15 00:08:09.222016
0,2023-11-15 00:08:10,49073000,0.14531357,1886914,3,2023-11-15 00:08:10.222017
1,2023-11-15 00:08:10,49073000,0.08154882,4001845,1,2023-11-15 00:08:10.222017
0,2023-11-15 00:08:10,49074000,0.008,392592,1,2023-11-15 00:08:11.222017
0,2023-11-15 00:08:11,49074000,0.05303408,896550,2,2023-11-15 00:08:12.222018
0,2023-11-15 00:08:12,49076000,0.00227704,50003,2,2023-11-15 00:08:13.222019
1,2023-11-15 00:08:13,49074000,0.00365206,179221,1,2023-11-15 00:08:13.222019
0,2023-11-15 00:08:13,49076000,0.00407531,199999,1,2023-11-15 00:08:14.222019
0,0,0,0.0,0,0,2023-11-15 00:08:15.222019
0,0,0,0.0,0,0,2023-11-15 00:08:16.222020
0,0,0,0.0,0,0,2023-11-15 00:08:17.222021
0,2023-11-15 00:08:17,49076000,0.0510769,2506649,1,2023-11-15 00:08:18.222022
0,0,0,0.0,0,0,2023-11-15 00:08:19.222023
0,2023-11-15 00:08:19,49076000,0.0081361,6679,2,2023-11-15 00:08:20.222023
0,0,0,0.0,0,0,2023-11-15 00:08:21.222023
0,2023-11-15 00:08:21,49076000,0.00794734,390023,1,2023-11-15 00:08:22.222023
0,2023-11-15 00:08:23,49076000,0.00732116,349293,2,2023-11-15 00:08:23.222024
1,2023-11-15 00:08:23,49075000,0.00014798,7262,1,2023-11-15 00:08:24.222024
0,0,0,0.0,0,0,2023-11-15 00:08:25.222024
0,0,0,0.0,0,0,2023-11-15 00:08:26.222024
0,2023-11-15 00:08:26,49075000,0.00407539,199999,1,2023-11-15 00:08:27.222025
0,0,0,0.0,0,0,2023-11-15 00:08:28.222025
0,0,0,0.0,0,0,2023-11-15 00:08:29.222025
0,2023-11-15 00:08:29,49075000,0.03203765,1472250,2,2023-11-15 00:08:30.222025
0,0,0,0.0,0,0,2023-11-15 00:08:31.222025
0,0,0,0.0,0,0,2023-11-15 00:08:32.222025
1,2023-11-15 00:08:32,49071574,0.2292513499999999,8017502,4,2023-11-15 00:08:33.222026
0,2023-11-15 00:08:33,49075000,0.0001029,5049,1,2023-11-15 00:08:34.222026
0,0,0,0.0,0,0,2023-11-15 00:08:35.222026
0,0,0,0.0,0,0,2023-11-15 00:08:36.222026
0,0,0,0.0,0,0,2023-11-15 00:08:37.222027
0,2023-11-15 00:08:37,49075000,0.00083268,40863,1,2023-11-15 00:08:38.222028
1,2023-11-15 00:08:36,49071000,0.0098,480895,1,2023-11-15 00:08:38.222028
0,0,0,0.0,0,0,2023-11-15 00:08:39.222029
0,0,0,0.0,0,0,2023-11-15 00:08:40.222029
0,2023-11-15 00:08:40,49074999,0.30347214,11340938,4,2023-11-15 00:08:41.222029
0,2023-11-15 00:08:41,49075000,0.10184818,4998199,1,2023-11-15 00:08:42.222029
0,2023-11-15 00:08:42,49075000,0.004,196300,1,2023-11-15 00:08:43.222029
0,2023-11-15 00:08:44,49075000,0.04,1963000,1,2023-11-15 00:08:44.222029
0,0,0,0.0,0,0,2023-11-15 00:08:45.222029
0,2023-11-15 00:08:45,49075000,0.00040654,19950,1,2023-11-15 00:08:46.222030
0,0,0,0.0,0,0,2023-11-15 00:08:47.222031
0,0,0,0.0,0,0,2023-11-15 00:08:48.222031
0,0,0,0.0,0,0,2023-11-15 00:08:49.222031
0,2023-11-15 00:08:49,49075000,0.02036678,745380,2,2023-11-15 00:08:50.222032
1,2023-11-15 00:08:49,49073000,0.002,98146,1,2023-11-15 00:08:50.222032
1,2023-11-15 00:08:50,49071013,0.0223190799999999,15283,2,2023-11-15 00:08:51.222033
0,0,0,0.0,0,0,2023-11-15 00:08:52.222034
0,0,0,0.0,0,0,2023-11-15 00:08:53.222035
0,0,0,0.0,0,0,2023-11-15 00:08:54.222035
0,2023-11-15 00:08:54,49073000,0.00024453,11999,1,2023-11-15 00:08:55.222035
1,2023-11-15 00:08:56,49072000,0.0203,996161,1,2023-11-15 00:08:56.222035
0,0,0,0.0,0,0,2023-11-15 00:08:57.222035
0,2023-11-15 00:08:57,49073000,0.03780331,499979,3,2023-11-15 00:08:58.222036
0,0,0,0.0,0,0,2023-11-15 00:08:59.222036
0,0,0,0.0,0,0,2023-11-15 00:09:00.222037
0,0,0,0.0,0,0,2023-11-15 00:09:01.222037
0,2023-11-15 00:09:01,49073000,0.0054,264994,1,2023-11-15 00:09:02.222037
0,0,0,0.0,0,0,2023-11-15 00:09:03.222038
0,2023-11-15 00:09:03,49073000,0.0203777999999999,788020,2,2023-11-15 00:09:04.222039
0,2023-11-15 00:09:04,49073000,0.00017075,8379,1,2023-11-15 00:09:05.222039
1,2023-11-15 00:09:05,49072000,0.0356,765523,2,2023-11-15 00:09:06.222039
0,0,0,0.0,0,0,2023-11-15 00:09:07.222040
0,0,0,0.0,0,0,2023-11-15 00:09:08.222040
0,2023-11-15 00:09:08,49074954,0.166,5755182,3,2023-11-15 00:09:09.222040
0,0,0,0.0,0,0,2023-11-15 00:09:10.222040
0,0,0,0.0,0,0,2023-11-15 00:09:11.222041
0,0,0,0.0,0,0,2023-11-15 00:09:12.222041
0,2023-11-15 00:09:12,49075000,0.02543294,203770,2,2023-11-15 00:09:13.222042
0,2023-11-15 00:09:13,49075000,0.166,8146450,1,2023-11-15 00:09:14.222042
0,2023-11-15 00:09:15,49073000,0.02037738,999979,1,2023-11-15 00:09:15.222042
1,2023-11-15 00:09:14,49074000,0.0637,3126013,1,2023-11-15 00:09:15.222042
0,0,0,0.0,0,0,2023-11-15 00:09:16.222043
0,2023-11-15 00:09:17,49073000,0.00357826,175595,1,2023-11-15 00:09:17.222043
0,2023-11-15 00:09:17,49073000,0.00016391,8043,1,2023-11-15 00:09:18.222043
0,2023-11-15 00:09:18,49073000,0.001,49073,1,2023-11-15 00:09:19.222043
0,2023-11-15 00:09:19,49073000,0.00073507,36072,1,2023-11-15 00:09:20.222044
0,2023-11-15 00:09:21,49073000,0.01018869,499989,1,2023-11-15 00:09:21.222044
0,2023-11-15 00:09:21,49073000,0.00025669,12596,1,2023-11-15 00:09:22.222044
0,0,0,0.0,0,0,2023-11-15 00:09:23.222044
1,2023-11-15 00:09:24,49072509,1.0,25002628,4,2023-11-15 00:09:24.222044
0,0,0,0.0,0,0,2023-11-15 00:09:25.222044
0,0,0,0.0,0,0,2023-11-15 00:09:26.222044
0,0,0,0.0,0,0,2023-11-15 00:09:27.222044
0,0,0,0.0,0,0,2023-11-15 00:09:28.222045
0,0,0,0.0,0,0,2023-11-15 00:09:29.222046
0,2023-11-15 00:09:29,49074000,0.00101787,49950,1,2023-11-15 00:09:30.222046
1,2023-11-15 00:09:28,49073000,0.03143152,1205497,5,2023-11-15 00:09:30.222046
1,2023-11-15 00:09:30,49072999,0.0216897,1064378,1,2023-11-15 00:09:31.222046
0,2023-11-15 00:09:31,49074518,0.13629001,3218377,2,2023-11-15 00:09:32.222046
1,2023-11-15 00:09:31,49072027,0.28895292,13790508,3,2023-11-15 00:09:32.222046
1,2023-11-15 00:09:32,49074000,0.02327802,1142345,1,2023-11-15 00:09:33.222046
0,2023-11-15 00:09:33,49080949,1.0,3322986,10,2023-11-15 00:09:34.222046
0,0,0,0.0,0,0,2023-11-15 00:09:35.222047
0,0,0,0.0,0,0,2023-11-15 00:09:36.222048
1,2023-11-15 00:09:36,49074000,0.00385186,189026,1,2023-11-15 00:09:37.222049
0,0,0,0.0,0,0,2023-11-15 00:09:38.222050
0,0,0,0.0,0,0,2023-11-15 00:09:39.222051
0,0,0,0.0,0,0,2023-11-15 00:09:40.222052
0,0,0,0.0,0,0,2023-11-15 00:09:41.222053
1,2023-11-15 00:09:41,49074000,0.0011295,55429,1,2023-11-15 00:09:42.222054
0,0,0,0.0,0,0,2023-11-15 00:09:43.222054
0,0,0,0.0,0,0,2023-11-15 00:09:44.222055
0,2023-11-15 00:09:44,49089000,0.24906231,5265687,2,2023-11-15 00:09:45.222056
0,2023-11-15 00:09:45,49089000,0.00387508,190223,1,2023-11-15 00:09:46.222057
1,2023-11-15 00:09:46,49074000,0.0021,103055,1,2023-11-15 00:09:46.222057
0,0,0,0.0,0,0,2023-11-15 00:09:47.222057
0,0,0,0.0,0,0,2023-11-15 00:09:48.222057
0,0,0,0.0,0,0,2023-11-15 00:09:49.222057
0,0,0,0.0,0,0,2023-11-15 00:09:50.222057
0,0,0,0.0,0,0,2023-11-15 00:09:51.222057
1,2023-11-15 00:09:51,49075000,0.01068503,524367,1,2023-11-15 00:09:52.222058
1,2023-11-15 00:09:53,49076000,0.00263904,129513,1,2023-11-15 00:09:53.222059
0,0,0,0.0,0,0,2023-11-15 00:09:54.222060
0,0,0,0.0,0,0,2023-11-15 00:09:55.222062
0,0,0,0.0,0,0,2023-11-15 00:09:56.222062
0,0,0,0.0,0,0,2023-11-15 00:09:57.222062
0,0,0,0.0,0,0,2023-11-15 00:09:58.222063
0,0,0,0.0,0,0,2023-11-15 00:09:59.222064
0,0,0,0.0,0,0,2023-11-15 00:10:00.222064
0,0,0,0.0,0,0,2023-11-15 00:10:01.222064
0,2023-11-15 00:10:01,49076000,0.02465645,1210039,1,2023-11-15 00:10:02.222065
1,2023-11-15 00:10:01,49076000,0.01773751,870486,1,2023-11-15 00:10:02.222065
0,0,0,0.0,0,0,2023-11-15 00:10:03.222065
0,0,0,0.0,0,0,2023-11-15 00:10:04.222066
0,0,0,0.0,0,0,2023-11-15 00:10:05.222066
0,2023-11-15 00:10:05,49076000,0.02088708,1025054,1,2023-11-15 00:10:06.222066
0,0,0,0.0,0,0,2023-11-15 00:10:07.222066
0,0,0,0.0,0,0,2023-11-15 00:10:08.222066
0,2023-11-15 00:10:09,49076000,0.0005019,19630,2,2023-11-15 00:10:09.222066
1,2023-11-15 00:10:09,49075000,0.00427876,209980,1,2023-11-15 00:10:09.222066
0,0,0,0.0,0,0,2023-11-15 00:10:10.222067
0,2023-11-15 00:10:11,49076000,0.17149408,49999,2,2023-11-15 00:10:11.222067
0,2023-11-15 00:10:11,49088014,2.75083759,97027467,4,2023-11-15 00:10:12.222067
1,2023-11-15 00:10:11,49089000,0.0137837,676628,1,2023-11-15 00:10:12.222067
1,2023-11-15 00:10:13,49089000,0.00202337,99325,1,2023-11-15 00:10:13.222068
1,2023-11-15 00:10:13,49089000,0.00219,107504,1,2023-11-15 00:10:14.222069
0,0,0,0.0,0,0,2023-11-15 00:10:15.222069
0,0,0,0.0,0,0,2023-11-15 00:10:16.222070
0,0,0,0.0,0,0,2023-11-15 00:10:17.222070
0,0,0,0.0,0,0,2023-11-15 00:10:18.222071
1,2023-11-15 00:10:18,49089000,0.01,490890,1,2023-11-15 00:10:19.222072
0,0,0,0.0,0,0,2023-11-15 00:10:20.222073
0,0,0,0.0,0,0,2023-11-15 00:10:21.222074
0,2023-11-15 00:10:21,49090000,0.04301233,1750192,2,2023-11-15 00:10:22.222074
1,2023-11-15 00:10:22,49092000,0.00647,214532,2,2023-11-15 00:10:22.222074
1,2023-11-15 00:10:23,49092000,0.0044845,220153,1,2023-11-15 00:10:23.222074
1,2023-11-15 00:10:23,49092000,0.0005,24546,1,2023-11-15 00:10:24.222074
0,2023-11-15 00:10:24,49093000,0.0203695,999999,1,2023-11-15 00:10:25.222074
1,2023-11-15 00:10:24,49091000,0.00913697,191053,2,2023-11-15 00:10:25.222074
0,2023-11-15 00:10:25,49093000,0.00010286,5049,1,2023-11-15 00:10:26.222075
1,2023-11-15 00:10:25,49091000,0.00492997,242017,1,2023-11-15 00:10:26.222075
0,0,0,0.0,0,0,2023-11-15 00:10:27.222075
0,2023-11-15 00:10:27,49103764,0.50038977,24521,6,2023-11-15 00:10:28.222075
1,2023-11-15 00:10:28,49091000,0.03924167,364077,6,2023-11-15 00:10:28.222075
0,0,0,0.0,0,0,2023-11-15 00:10:29.222076
1,2023-11-15 00:10:29,49092000,0.06008548,214532,2,2023-11-15 00:10:30.222076
1,2023-11-15 00:10:30,49092000,0.05422155,2661844,1,2023-11-15 00:10:31.222077
1,2023-11-15 00:10:32,49091999,0.03824908,999513,2,2023-11-15 00:10:32.222078
1,2023-11-15 00:10:32,49092000,0.01802702,884982,1,2023-11-15 00:10:33.222078
0,0,0,0.0,0,0,2023-11-15 00:10:34.222078
1,2023-11-15 00:10:34,49092000,0.04844703,2378361,1,2023-11-15 00:10:35.222078
1,2023-11-15 00:10:35,49092004,0.06465581,14180,2,2023-11-15 00:10:36.222078
0,0,0,0.0,0,0,2023-11-15 00:10:37.222078
0,2023-11-15 00:10:38,49106000,0.03419867,900293,2,2023-11-15 00:10:38.222079
1,2023-11-15 00:10:39,49105999,0.01860559,16204,2,2023-11-15 00:10:39.222079
1,2023-11-15 00:10:39,49106000,0.02848996,548452,3,2023-11-15 00:10:40.222079
0,2023-11-15 00:10:40,49108000,0.00101816,49999,1,2023-11-15 00:10:41.222079
1,2023-11-15 00:10:40,49093607,0.27403936,1119143,8,2023-11-15 00:10:41.222079
1,2023-11-15 00:10:41,49092000,0.00334,163967,1,2023-11-15 00:10:42.222079
1,2023-11-15 00:10:42,49093000,0.02035,999042,1,2023-11-15 00:10:43.222079
0,0,0,0.0,0,0,2023-11-15 00:10:44.222080
0,0,0,0.0,0,0,2023-11-15 00:10:45.222081
0,2023-11-15 00:10:45,49107999,0.0128321,630158,1,2023-11-15 00:10:46.222081
1,2023-11-15 00:10:45,49093000,0.02036,820940,2,2023-11-15 00:10:46.222081
1,2023-11-15 00:10:46,49093000,0.00333,163479,1,2023-11-15 00:10:47.222084
1,2023-11-15 00:10:47,49092065,0.15784092,490930,4,2023-11-15 00:10:48.222085
0,2023-11-15 00:10:48,49092000,0.05887377,2890231,1,2023-11-15 00:10:49.222086
0,0,0,0.0,0,0,2023-11-15 00:10:50.222086
0,0,0,0.0,0,0,2023-11-15 00:10:51.222087
1,2023-11-15 00:10:52,49093000,0.16555002,7963376,2,2023-11-15 00:10:52.222087
0,2023-11-15 00:10:52,49093000,0.01018475,441580,2,2023-11-15 00:10:53.222087
1,2023-11-15 00:10:52,49092000,0.0820407299999999,3076780,2,2023-11-15 00:10:53.222087
1,2023-11-15 00:10:53,49091999,0.22069561,8149272,2,2023-11-15 00:10:54.222088
1,2023-11-15 00:10:55,49092000,0.2164103,8335821,3,2023-11-15 00:10:55.222089
0,0,0,0.0,0,0,2023-11-15 00:10:56.222089
1,2023-11-15 00:10:57,49092000,0.009,441827,1,2023-11-15 00:10:57.222089
0,2023-11-15 00:10:58,49092000,0.00682323,334966,1,2023-11-15 00:10:58.222090
1,2023-11-15 00:10:57,49092000,0.00046827,22988,1,2023-11-15 00:10:58.222090
1,2023-11-15 00:10:58,49090999,0.01488755,222561,3,2023-11-15 00:10:59.222090
1,2023-11-15 00:11:00,49091000,0.0098999999999999,70379,2,2023-11-15 00:11:00.222090
0,2023-11-15 00:11:00,49092000,0.06383042,3133562,1,2023-11-15 00:11:01.222091
0,0,0,0.0,0,0,2023-11-15 00:11:02.222092
1,2023-11-15 00:11:02,49091000,0.11274444,3093236,3,2023-11-15 00:11:03.222099
0,0,0,0.0,0,0,2023-11-15 00:11:04.222099
1,2023-11-15 00:11:04,49091000,0.05789506,1409986,3,2023-11-15 00:11:05.222100
1,2023-11-15 00:11:06,49091000,0.02354104,1155653,1,2023-11-15 00:11:06.222100
0,2023-11-15 00:11:07,49092000,0.13689252,874492,3,2023-11-15 00:11:07.222100
0,0,0,0.0,0,0,2023-11-15 00:11:08.222100
0,0,0,0.0,0,0,2023-11-15 00:11:09.222100
0,0,0,0.0,0,0,2023-11-15 00:11:10.222100
0,0,0,0.0,0,0,2023-11-15 00:11:11.222100
0,0,0,0.0,0,0,2023-11-15 00:11:12.222100
1,2023-11-15 00:11:12,49094000,0.03472252,428223,2,2023-11-15 00:11:13.222100
0,2023-11-15 00:11:13,49109000,0.07391107,3629698,1,2023-11-15 00:11:14.222100
0,0,0,0.0,0,0,2023-11-15 00:11:15.222101
0,0,0,0.0,0,0,2023-11-15 00:11:16.222101
0,2023-11-15 00:11:16,49109000,0.0002037,10003,1,2023-11-15 00:11:17.222102
0,2023-11-15 00:11:17,49092000,0.0057447,282018,1,2023-11-15 00:11:18.222102
1,2023-11-15 00:11:18,49093387,0.04538017,408187,4,2023-11-15 00:11:18.222102
0,0,0,0.0,0,0,2023-11-15 00:11:19.222103
0,2023-11-15 00:11:19,49110164,0.0824560199999999,1733494,3,2023-11-15 00:11:20.222104
1,2023-11-15 00:11:19,49094000,0.00483026,237136,1,2023-11-15 00:11:20.222104
0,0,0,0.0,0,0,2023-11-15 00:11:21.222105
0,0,0,0.0,0,0,2023-11-15 00:11:22.222106
0,0,0,0.0,0,0,2023-11-15 00:11:23.222106
0,0,0,0.0,0,0,2023-11-15 00:11:24.222107
0,2023-11-15 00:11:24,49114000,0.00010994,5399,1,2023-11-15 00:11:25.222108
1,2023-11-15 00:11:24,49094000,0.0034548,169609,1,2023-11-15 00:11:25.222108
0,0,0,0.0,0,0,2023-11-15 00:11:26.222109
1,2023-11-15 00:11:27,49109000,0.0361,491090,2,2023-11-15 00:11:27.222110
0,0,0,0.0,0,0,2023-11-15 00:11:28.222111
0,2023-11-15 00:11:29,49111000,0.00040724,19999,1,2023-11-15 00:11:29.222112
1,2023-11-15 00:11:28,49108999,0.35079445,554659,4,2023-11-15 00:11:29.222112
1,2023-11-15 00:11:29,49094000,0.10444297,4027817,5,2023-11-15 00:11:30.222112
1,2023-11-15 00:11:31,49094999,0.011519,565525,1,2023-11-15 00:11:31.222112
0,2023-11-15 00:11:31,49109000,0.00040724,9999,2,2023-11-15 00:11:32.222113
0,2023-11-15 00:11:32,49107000,0.00020097,9869,1,2023-11-15 00:11:33.222114
1,2023-11-15 00:11:32,49095000,0.038481,1453985,2,2023-11-15 00:11:33.222114
0,2023-11-15 00:11:33,49096000,0.00018272,8970,1,2023-11-15 00:11:34.222116
1,2023-11-15 00:11:33,49093999,0.2199,765866,6,2023-11-15 00:11:34.222116
1,2023-11-15 00:11:34,49094000,0.1063,490940,5,2023-11-15 00:11:35.222117
0,2023-11-15 00:11:36,49094000,0.0458481199999999,1211351,3,2023-11-15 00:11:36.222117
1,2023-11-15 00:11:36,49092259,0.3029,810018,7,2023-11-15 00:11:36.222117
1,2023-11-15 00:11:37,49088974,0.95557825,1127525,32,2023-11-15 00:11:37.222117
0,0,0,0.0,0,0,2023-11-15 00:11:38.222117
0,0,0,0.0,0,0,2023-11-15 00:11:39.222118
0,2023-11-15 00:11:39,49091000,0.00011328,5561,1,2023-11-15 00:11:40.222118
1,2023-11-15 00:11:40,49074000,0.00436203,214062,1,2023-11-15 00:11:41.222119
0,0,0,0.0,0,0,2023-11-15 00:11:42.222119
0,2023-11-15 00:11:42,49090000,0.00050926,24999,1,2023-11-15 00:11:43.222119
1,2023-11-15 00:11:43,49074000,0.0156,765554,1,2023-11-15 00:11:43.222119
1,2023-11-15 00:11:44,49073999,0.04030113,1059998,4,2023-11-15 00:11:44.222119
1,2023-11-15 00:11:45,49074000,0.1389,2586199,4,2023-11-15 00:11:45.222120
1,2023-11-15 00:11:46,49074394,0.12667687,809721,4,2023-11-15 00:11:46.222120
1,2023-11-15 00:11:46,49074000,0.1613,7915636,1,2023-11-15 00:11:47.222122
0,2023-11-15 00:11:47,49089000,0.00101855,49999,1,2023-11-15 00:11:48.222123
1,2023-11-15 00:11:47,49073999,0.23376318,490740,4,2023-11-15 00:11:48.222123
1,2023-11-15 00:11:48,49074000,0.3399999999999999,853887,3,2023-11-15 00:11:49.222124
0,0,0,0.0,0,0,2023-11-15 00:11:50.222124
0,2023-11-15 00:11:49,49089717,0.40090174,4336942,4,2023-11-15 00:11:51.222124
1,2023-11-15 00:11:50,49074000,0.2102523399999999,4470641,4,2023-11-15 00:11:51.222124
1,2023-11-15 00:11:51,49074000,0.10743102,750832,3,2023-11-15 00:11:52.222125
1,2023-11-15 00:11:52,49073998,0.3226,10160,7,2023-11-15 00:11:53.222125
1,2023-11-15 00:11:53,49071999,0.05399626,99999,9,2023-11-15 00:11:54.222125
1,2023-11-15 00:11:55,49071001,0.1810999999999999,191376,4,2023-11-15 00:11:55.222126
0,2023-11-15 00:11:55,49074000,0.00611321,299999,1,2023-11-15 00:11:56.222126
1,2023-11-15 00:11:55,49070900,0.05089434,490710,6,2023-11-15 00:11:56.222126
1,2023-11-15 00:11:57,49069999,0.14654636,1913537,13,2023-11-15 00:11:57.222127
1,2023-11-15 00:11:58,49070000,0.4597599999999999,2453500,6,2023-11-15 00:11:58.222128
0,2023-11-15 00:11:58,49100395,0.80118335,1502490,4,2023-11-15 00:11:59.222129
1,2023-11-15 00:11:58,49070000,0.0174,853817,1,2023-11-15 00:11:59.222129
1,2023-11-15 00:12:00,49070435,0.36267,868539,6,2023-11-15 00:12:00.222129
1,2023-11-15 00:12:00,49070000,0.1602845799999999,7733431,2,2023-11-15 00:12:01.222129
1,2023-11-15 00:12:01,49070000,0.0194,176652,3,2023-11-15 00:12:02.222130
1,2023-11-15 00:12:03,49070000,0.04250748,9814,5,2023-11-15 00:12:03.222130
1,2023-11-15 00:12:04,49070000,0.06395571,1005279,5,2023-11-15 00:12:04.222130
0,2023-11-15 00:12:04,49097642,0.8058250400000001,20126219,5,2023-11-15 00:12:05.222130
1,2023-11-15 00:12:04,49069996,0.0838877899999999,6548,7,2023-11-15 00:12:05.222130
1,2023-11-15 00:12:06,49068983,0.00439,99997,6,2023-11-15 00:12:06.222132
1,2023-11-15 00:12:07,49067999,0.017,28790,9,2023-11-15 00:12:07.222133
1,2023-11-15 00:12:07,49068000,0.01964203,796864,2,2023-11-15 00:12:08.222133
0,0,0,0.0,0,0,2023-11-15 00:12:09.222133
0,2023-11-15 00:12:10,49069000,0.00020379,9999,1,2023-11-15 00:12:10.222135
1,2023-11-15 00:12:10,49069000,0.00061137,29999,1,2023-11-15 00:12:10.222135
0,2023-11-15 00:12:11,49100581,0.80146919,2454700,3,2023-11-15 00:12:11.222136
1,2023-11-15 00:12:11,49068000,0.00765484,5000,6,2023-11-15 00:12:11.222136
0,0,0,0.0,0,0,2023-11-15 00:12:12.222136
0,0,0,0.0,0,0,2023-11-15 00:12:13.222137
1,2023-11-15 00:12:13,49068000,0.00993912,487692,1,2023-11-15 00:12:14.222138
1,2023-11-15 00:12:15,49067999,0.02960013,138255,5,2023-11-15 00:12:15.222138
0,0,0,0.0,0,0,2023-11-15 00:12:16.222139
0,2023-11-15 00:12:17,49099484,0.80213589,525188,4,2023-11-15 00:12:17.222139
1,2023-11-15 00:12:17,49069624,0.08038619,740249,5,2023-11-15 00:12:17.222139
1,2023-11-15 00:12:18,49068092,0.02322703,52504,2,2023-11-15 00:12:18.222139
0,2023-11-15 00:12:18,49100000,0.00162932,79999,1,2023-11-15 00:12:19.222139
1,2023-11-15 00:12:19,49069626,0.04552209,1472,3,2023-11-15 00:12:19.222139
0,2023-11-15 00:12:19,49100000,0.00202718,99534,1,2023-11-15 00:12:20.222139
1,2023-11-15 00:12:19,49069000,0.0177,868521,1,2023-11-15 00:12:20.222139
0,0,0,0.0,0,0,2023-11-15 00:12:21.222140
0,2023-11-15 00:12:22,49069000,0.017,834173,1,2023-11-15 00:12:22.222141
1,2023-11-15 00:12:21,49068761,0.0197,230619,2,2023-11-15 00:12:22.222141
1,2023-11-15 00:12:23,49072999,0.0748,2689200,3,2023-11-15 00:12:23.222142
0,2023-11-15 00:12:23,49099507,0.80137782,3127478,3,2023-11-15 00:12:24.222143
1,2023-11-15 00:12:24,49068436,0.35275163,7481,29,2023-11-15 00:12:24.222143
0,2023-11-15 00:12:24,49064000,0.00059448,29167,1,2023-11-15 00:12:25.222143
1,2023-11-15 00:12:24,49062374,0.1077221,711697,16,2023-11-15 00:12:25.222143
0,2023-11-15 00:12:25,49063000,0.005,245315,1,2023-11-15 00:12:26.222144
1,2023-11-15 00:12:26,49060270,0.1606,2129204,11,2023-11-15 00:12:26.222144
0,2023-11-15 00:12:26,49062755,0.01018952,219363,2,2023-11-15 00:12:27.222145
1,2023-11-15 00:12:27,49059999,0.07575871,153557,6,2023-11-15 00:12:27.222145
1,2023-11-15 00:12:28,49058909,0.28091046,9999,29,2023-11-15 00:12:28.222145
1,2023-11-15 00:12:29,49056159,0.12667629,537653,7,2023-11-15 00:12:29.222146
0,2023-11-15 00:12:29,49092995,0.8022338600000001,2455000,6,2023-11-15 00:12:30.222147
1,2023-11-15 00:12:29,49056000,0.0046999999999999,206035,2,2023-11-15 00:12:30.222147
1,2023-11-15 00:12:30,49056370,0.05473796,1689654,2,2023-11-15 00:12:31.222147
0,0,0,0.0,0,0,2023-11-15 00:12:32.222147
0,0,0,0.0,0,0,2023-11-15 00:12:33.222147
0,0,0,0.0,0,0,2023-11-15 00:12:34.222148
1,2023-11-15 00:12:34,49057000,0.00024,11773,1,2023-11-15 00:12:35.222148
0,2023-11-15 00:12:35,49099443,0.8020991199999999,29179672,4,2023-11-15 00:12:36.222148
0,0,0,0.0,0,0,2023-11-15 00:12:37.222148
1,2023-11-15 00:12:37,49055080,0.12190201,9999,21,2023-11-15 00:12:38.222148
0,0,0,0.0,0,0,2023-11-15 00:12:39.222149
0,0,0,0.0,0,0,2023-11-15 00:12:40.222150
0,0,0,0.0,0,0,2023-11-15 00:12:41.222150
0,2023-11-15 00:12:41,49098776,0.8011548599999999,25053003,5,2023-11-15 00:12:42.222151
1,2023-11-15 00:12:42,49057999,0.03173999,1012556,2,2023-11-15 00:12:43.222151
0,0,0,0.0,0,0,2023-11-15 00:12:44.222151
0,0,0,0.0,0,0,2023-11-15 00:12:45.222156
0,0,0,0.0,0,0,2023-11-15 00:12:46.222157
1,2023-11-15 00:12:46,49060000,0.01936899,932090,2,2023-11-15 00:12:47.222157
0,2023-11-15 00:12:47,49106922,0.8097042000000001,12816600,8,2023-11-15 00:12:48.222158
1,2023-11-15 00:12:47,49060000,0.00557588,273552,1,2023-11-15 00:12:48.222158
1,2023-11-15 00:12:48,49059191,0.01140041,161963,3,2023-11-15 00:12:49.222159
1,2023-11-15 00:12:49,49060000,0.00758,371874,1,2023-11-15 00:12:50.222160
1,2023-11-15 00:12:50,49061283,0.01601029,504249,2,2023-11-15 00:12:51.222161
1,2023-11-15 00:12:52,49061000,0.01068893,131921,2,2023-11-15 00:12:52.222162
1,2023-11-15 00:12:52,49060281,0.07417484,787961,7,2023-11-15 00:12:53.222163
0,2023-11-15 00:12:53,49107241,0.8114505500000001,9867,10,2023-11-15 00:12:54.222163
1,2023-11-15 00:12:53,49058000,0.00457512,224446,1,2023-11-15 00:12:54.222163
1,2023-11-15 00:12:55,49058967,0.1416,3586139,2,2023-11-15 00:12:55.222163
1,2023-11-15 00:12:56,49058000,0.12103863,490580,6,2023-11-15 00:12:56.222164
1,2023-11-15 00:12:56,49058000,0.0820999999999999,3539253,2,2023-11-15 00:12:57.222164
1,2023-11-15 00:12:57,49058000,0.00957138,121240,2,2023-11-15 00:12:58.222164
1,2023-11-15 00:12:58,49058000,0.01531907,471892,2,2023-11-15 00:12:59.222165
0,2023-11-15 00:12:59,49105856,0.8075027800000001,19292471,6,2023-11-15 00:13:00.222166
1,2023-11-15 00:12:59,49057999,0.05275382,524920,4,2023-11-15 00:13:00.222166
1,2023-11-15 00:13:01,49059917,0.02410236,798022,4,2023-11-15 00:13:01.222166
1,2023-11-15 00:13:02,49057294,0.13117955,135892,11,2023-11-15 00:13:02.222166
1,2023-11-15 00:13:03,49053552,0.06084745,346786,4,2023-11-15 00:13:03.222166
1,2023-11-15 00:13:04,49059000,0.04842406,1098921,4,2023-11-15 00:13:04.222168
1,2023-11-15 00:13:04,49053334,0.20598724,3661859,10,2023-11-15 00:13:05.222168
0,2023-11-15 00:13:05,49088850,0.8035537100000001,3367162,6,2023-11-15 00:13:06.222168
1,2023-11-15 00:13:06,49050925,0.01139975,208874,3,2023-11-15 00:13:06.222168
0,0,0,0.0,0,0,2023-11-15 00:13:07.222169
0,0,0,0.0,0,0,2023-11-15 00:13:08.222170
1,2023-11-15 00:13:08,49054000,0.02038402,499918,3,2023-11-15 00:13:09.222170
0,2023-11-15 00:13:09,49058000,0.00044844,21999,1,2023-11-15 00:13:10.222170
1,2023-11-15 00:13:09,49050848,0.1613,3355156,2,2023-11-15 00:13:10.222170
1,2023-11-15 00:13:11,49050000,0.01183081,463990,2,2023-11-15 00:13:11.222171
0,2023-11-15 00:13:12,49080696,0.8024687100000001,8666065,4,2023-11-15 00:13:12.222172
1,2023-11-15 00:13:11,49050000,0.3613,1478669,7,2023-11-15 00:13:12.222172
0,0,0,0.0,0,0,2023-11-15 00:13:13.222173
1,2023-11-15 00:13:14,49050000,0.0005263,25815,1,2023-11-15 00:13:14.222173
0,0,0,0.0,0,0,2023-11-15 00:13:15.222174
1,2023-11-15 00:13:15,49051000,0.13766,6214761,2,2023-11-15 00:13:16.222174
1,2023-11-15 00:13:16,49051000,0.04384,2150395,1,2023-11-15 00:13:17.222174
0,2023-11-15 00:13:18,49117089,0.80131247,2079371,14,2023-11-15 00:13:18.222174
1,2023-11-15 00:13:17,49051000,0.0223,1093837,1,2023-11-15 00:13:18.222174
1,2023-11-15 00:13:18,49054000,0.00059443,29159,1,2023-11-15 00:13:19.222175
0,0,0,0.0,0,0,2023-11-15 00:13:20.222175
1,2023-11-15 00:13:21,49053833,0.30495433,19999,35,2023-11-15 00:13:21.222176
1,2023-11-15 00:13:22,49049014,0.04716211,126957,14,2023-11-15 00:13:22.222177
1,2023-11-15 00:13:23,49048000,0.0089,436527,1,2023-11-15 00:13:23.222177
1,2023-11-15 00:13:23,49048000,0.01,490480,1,2023-11-15 00:13:24.222177
0,2023-11-15 00:13:24,49102468,0.80247593,8888617,5,2023-11-15 00:13:25.222178
1,2023-11-15 00:13:25,49049641,0.16493359,178220,4,2023-11-15 00:13:26.222178
0,2023-11-15 00:13:27,49052000,0.0040773,99999,2,2023-11-15 00:13:27.222178
0,0,0,0.0,0,0,2023-11-15 00:13:28.222178
0,2023-11-15 00:13:29,49060000,0.06736349,3304852,1,2023-11-15 00:13:29.222178
1,2023-11-15 00:13:28,49051000,0.1649,7911926,2,2023-11-15 00:13:29.222178
1,2023-11-15 00:13:29,49051000,0.03897359,1911693,1,2023-11-15 00:13:30.222178
0,2023-11-15 00:13:30,49098459,0.8015698600000001,11076710,7,2023-11-15 00:13:31.222178
1,2023-11-15 00:13:31,49053409,0.04933903,495558,2,2023-11-15 00:13:32.222179
0,0,0,0.0,0,0,2023-11-15 00:13:33.222180
1,2023-11-15 00:13:33,49053000,0.00832568,408399,1,2023-11-15 00:13:34.222181
0,2023-11-15 00:13:34,49116000,0.0141628,695620,1,2023-11-15 00:13:35.222181
1,2023-11-15 00:13:34,49070000,0.0689,3380923,1,2023-11-15 00:13:35.222181
1,2023-11-15 00:13:36,49070000,0.01937999,950976,1,2023-11-15 00:13:36.222181
0,2023-11-15 00:13:36,49144503,0.80174375,1087979,7,2023-11-15 00:13:37.222182
1,2023-11-15 00:13:36,49070000,0.1003,1564351,5,2023-11-15 00:13:37.222182
1,2023-11-15 00:13:37,49071000,0.05,2453550,1,2023-11-15 00:13:38.222183
1,2023-11-15 00:13:38,49060151,0.0528,2541308,2,2023-11-15 00:13:39.222184
0,0,0,0.0,0,0,2023-11-15 00:13:40.222185
1,2023-11-15 00:13:40,49076721,0.0942099999999999,3131176,3,2023-11-15 00:13:41.222186
0,2023-11-15 00:13:41,49077000,0.01,490770,1,2023-11-15 00:13:42.222187
1,2023-11-15 00:13:42,49079977,0.25022,7916604,3,2023-11-15 00:13:42.222187
0,2023-11-15 00:13:43,49149634,0.80130201,17876,8,2023-11-15 00:13:43.222187
1,2023-11-15 00:13:43,49083000,0.0061,299406,1,2023-11-15 00:13:43.222187
0,2023-11-15 00:13:43,49086087,0.01416229,9832,2,2023-11-15 00:13:44.222188
1,2023-11-15 00:13:44,49084054,0.49451651,490840,7,2023-11-15 00:13:44.222188
1,2023-11-15 00:13:44,49080000,0.0153,750924,1,2023-11-15 00:13:45.222188
1,2023-11-15 00:13:45,49083000,0.02188991,199226,3,2023-11-15 00:13:46.222189
0,2023-11-15 00:13:46,49083000,0.0038,186515,1,2023-11-15 00:13:47.222190
1,2023-11-15 00:13:46,49092000,0.00204,100147,1,2023-11-15 00:13:47.222190
1,2023-11-15 00:13:48,49082096,0.1071999999999999,3892123,5,2023-11-15 00:13:48.222190
0,2023-11-15 00:13:48,49143241,0.8011495099999999,3326778,8,2023-11-15 00:13:49.222191
1,2023-11-15 00:13:49,49084000,0.00886624,435190,1,2023-11-15 00:13:49.222191
1,2023-11-15 00:13:50,49084233,0.0732,279795,3,2023-11-15 00:13:50.222191
0,2023-11-15 00:13:50,49083000,0.05,2454150,1,2023-11-15 00:13:51.222192
1,2023-11-15 00:13:50,49081000,0.01,490810,1,2023-11-15 00:13:51.222192
1,2023-11-15 00:13:51,49081521,0.01048617,215965,3,2023-11-15 00:13:52.222192
0,0,0,0.0,0,0,2023-11-15 00:13:53.222192
1,2023-11-15 00:13:53,49083557,0.1827,1449580,4,2023-11-15 00:13:54.222193
0,2023-11-15 00:13:54,49150711,0.8009876300000001,1762057,5,2023-11-15 00:13:55.222194
1,2023-11-15 00:13:54,49080806,0.03953205,938530,3,2023-11-15 00:13:55.222194
1,2023-11-15 00:13:55,49099229,0.17576626,196340,7,2023-11-15 00:13:56.222195
1,2023-11-15 00:13:57,49085000,0.06406,2454250,3,2023-11-15 00:13:57.222196
0,2023-11-15 00:13:58,49090000,0.00494,242504,1,2023-11-15 00:13:58.222197
1,2023-11-15 00:13:58,49085239,0.1956,382909,4,2023-11-15 00:13:58.222197
0,0,0,0.0,0,0,2023-11-15 00:13:59.222197
1,2023-11-15 00:13:59,49085000,0.0275,952249,2,2023-11-15 00:14:00.222197
0,2023-11-15 00:14:00,49133065,0.81304065,2749070,9,2023-11-15 00:14:01.222197
1,2023-11-15 00:14:00,49087000,0.02569999,770665,2,2023-11-15 00:14:01.222197
1,2023-11-15 00:14:01,49089373,0.05980721,1212901,5,2023-11-15 00:14:02.222197
0,0,0,0.0,0,0,2023-11-15 00:14:03.222198
1,2023-11-15 00:14:03,49087572,0.2259999999999999,3176058,2,2023-11-15 00:14:04.222199
1,2023-11-15 00:14:04,49088999,0.06629,24053,2,2023-11-15 00:14:05.222199
1,2023-11-15 00:14:05,49085996,0.1186,394438,5,2023-11-15 00:14:06.222199
0,2023-11-15 00:14:06,49166797,0.80202289,3962005,15,2023-11-15 00:14:07.222199
1,2023-11-15 00:14:06,49087000,0.0087,427056,1,2023-11-15 00:14:07.222199
0,2023-11-15 00:14:07,49151000,0.00020345,9999,1,2023-11-15 00:14:08.222200
1,2023-11-15 00:14:08,49085587,0.0485,490850,3,2023-11-15 00:14:08.222200
0,2023-11-15 00:14:08,49088000,0.166,8148608,1,2023-11-15 00:14:09.222200
1,2023-11-15 00:14:10,49084042,0.2015,230694,6,2023-11-15 00:14:10.222201
0,2023-11-15 00:14:10,49088000,0.00203711,99997,1,2023-11-15 00:14:11.222201
1,2023-11-15 00:14:10,49085000,0.004,196340,1,2023-11-15 00:14:11.222201
1,2023-11-15 00:14:11,49085000,0.02239481,4653,2,2023-11-15 00:14:12.222202
0,2023-11-15 00:14:13,49137606,0.80134448,9999429,4,2023-11-15 00:14:13.222202
1,2023-11-15 00:14:13,49088385,0.03116816,996547,3,2023-11-15 00:14:14.222203
1,2023-11-15 00:14:15,49089014,0.01,487437,2,2023-11-15 00:14:15.222203
1,2023-11-15 00:14:15,49089011,0.3366,16425149,2,2023-11-15 00:14:16.222204
1,2023-11-15 00:14:17,49091200,0.00508783,50158,2,2023-11-15 00:14:17.222205
1,2023-11-15 00:14:17,49092000,0.098,4811016,1,2023-11-15 00:14:18.222206
0,2023-11-15 00:14:19,49163329,0.84594219,2458150,9,2023-11-15 00:14:19.222207
1,2023-11-15 00:14:19,49092000,0.0206,1011295,1,2023-11-15 00:14:19.222207
1,2023-11-15 00:14:20,49094179,0.23165,2454600,5,2023-11-15 00:14:20.222208
1,2023-11-15 00:14:20,49093278,0.0532,157094,3,2023-11-15 00:14:21.222208
1,2023-11-15 00:14:21,49092000,0.3752,15473798,3,2023-11-15 00:14:22.222208
0,2023-11-15 00:14:23,49141000,0.00205429,100949,1,2023-11-15 00:14:23.222209
1,2023-11-15 00:14:23,49090999,0.0598,216000,3,2023-11-15 00:14:23.222209
1,2023-11-15 00:14:23,49091579,0.0863,1566002,3,2023-11-15 00:14:24.222210
1,2023-11-15 00:14:24,49091000,0.05,2454550,1,2023-11-15 00:14:25.222211
0,2023-11-15 00:14:25,49150225,0.8011429200000001,3192670,6,2023-11-15 00:14:26.222211
1,2023-11-15 00:14:26,49091990,0.1515,559637,5,2023-11-15 00:14:26.222211
1,2023-11-15 00:14:26,49092000,0.1,2454650,2,2023-11-15 00:14:27.222212
1,2023-11-15 00:14:28,49091170,0.1742999999999999,2454550,6,2023-11-15 00:14:28.222212
1,2023-11-15 00:14:28,49091000,0.4987,2454550,4,2023-11-15 00:14:29.222212
1,2023-11-15 00:14:30,49091000,0.3677,10908020,6,2023-11-15 00:14:30.222212
1,2023-11-15 00:14:30,49091000,0.05923587,28803,3,2023-11-15 00:14:31.222213
0,0,0,0.0,0,0,2023-11-15 00:14:32.222214
0,2023-11-15 00:14:31,49154347,0.8043643099999999,2125714,14,2023-11-15 00:14:33.222215
1,2023-11-15 00:14:33,49092981,1.27167743,19528399,12,2023-11-15 00:14:33.222215
1,2023-11-15 00:14:33,49091000,0.01151394,137454,3,2023-11-15 00:14:34.222216
1,2023-11-15 00:14:35,49091000,0.31416,490910,3,2023-11-15 00:14:35.222216
0,0,0,0.0,0,0,2023-11-15 00:14:36.222216
0,2023-11-15 00:14:37,49150781,0.03069002,9133,3,2023-11-15 00:14:37.222217
1,2023-11-15 00:14:37,49099511,0.6012600100000001,3437000,8,2023-11-15 00:14:37.222217
0,2023-11-15 00:14:37,49177227,0.80155619,3353803,5,2023-11-15 00:14:38.222217
1,2023-11-15 00:14:38,49100005,0.17655169,21762,5,2023-11-15 00:14:38.222217
1,2023-11-15 00:14:38,49100000,0.07069653,2455000,3,2023-11-15 00:14:39.222217
0,2023-11-15 00:14:39,49111873,0.02281505,614739,3,2023-11-15 00:14:40.222217
1,2023-11-15 00:14:40,49099415,0.1372,648034,5,2023-11-15 00:14:40.222217
1,2023-11-15 00:14:40,49095000,0.09217,3436650,3,2023-11-15 00:14:41.222218
0,2023-11-15 00:14:42,49130500,0.1,2458050,2,2023-11-15 00:14:42.222218
1,2023-11-15 00:14:41,49095025,0.08,3436650,3,2023-11-15 00:14:42.222218
0,2023-11-15 00:14:42,49095000,0.0038,186561,1,2023-11-15 00:14:43.222219
1,2023-11-15 00:14:42,49094000,0.0075,181647,2,2023-11-15 00:14:43.222219
0,0,0,0.0,0,0,2023-11-15 00:14:44.222220
0,2023-11-15 00:14:45,49175489,0.81550751,491110,12,2023-11-15 00:14:45.222220
1,2023-11-15 00:14:45,49108657,0.05822624,315888,8,2023-11-15 00:14:45.222220
1,2023-11-15 00:14:46,49102440,0.1611999999999999,370919,4,2023-11-15 00:14:46.222221
0,2023-11-15 00:14:47,49178000,0.00129395,63633,1,2023-11-15 00:14:47.222222
1,2023-11-15 00:14:47,49106088,0.3222745,3437070,4,2023-11-15 00:14:47.222222
0,2023-11-15 00:14:48,49100000,0.05313386,2608872,1,2023-11-15 00:14:48.222223
1,2023-11-15 00:14:48,49104386,0.13921614,999999,7,2023-11-15 00:14:48.222223
0,0,0,0.0,0,0,2023-11-15 00:14:49.222223
0,2023-11-15 00:14:49,49162638,0.8015150400000001,5113784,6,2023-11-15 00:14:50.222224
1,2023-11-15 00:14:49,49103000,0.1613,7920313,1,2023-11-15 00:14:50.222224
1,2023-11-15 00:14:51,49113000,0.0644,3162877,1,2023-11-15 00:14:51.222224
0,2023-11-15 00:14:51,49105000,0.00608693,298898,1,2023-11-15 00:14:52.222224
1,2023-11-15 00:14:52,49104010,0.0644119299999999,3157387,2,2023-11-15 00:14:52.222224
0,0,0,0.0,0,0,2023-11-15 00:14:53.222225
0,2023-11-15 00:14:54,49142000,0.03823015,1878706,1,2023-11-15 00:14:54.222225
1,2023-11-15 00:14:53,49107000,0.008,392856,1,2023-11-15 00:14:54.222225
1,2023-11-15 00:14:54,49106129,0.03712114,50089,4,2023-11-15 00:14:55.222225
0,2023-11-15 00:14:55,49164085,0.80243554,360797,8,2023-11-15 00:14:56.222226
1,2023-11-15 00:14:55,49104780,0.084,1325808,3,2023-11-15 00:14:56.222226
0,2023-11-15 00:14:56,49105116,0.0809,3511007,2,2023-11-15 00:14:57.222227
1,2023-11-15 00:14:57,49104045,0.118,5529110,2,2023-11-15 00:14:57.222227
1,2023-11-15 00:14:57,49103767,0.3742,573722,6,2023-11-15 00:14:58.222227
1,2023-11-15 00:14:58,49100000,0.0158,775780,1,2023-11-15 00:14:59.222227
1,2023-11-15 00:14:59,49101000,0.006,294606,1,2023-11-15 00:15:00.222228
0,2023-11-15 00:15:00,49104000,0.00152711,74987,1,2023-11-15 00:15:01.222228
1,2023-11-15 00:15:01,49100273,0.06433697,1286420,4,2023-11-15 00:15:01.222228
0,2023-11-15 00:15:01,49138276,0.80158849,41912,9,2023-11-15 00:15:02.222229
1,2023-11-15 00:15:01,49099999,0.0367,1310970,2,2023-11-15 00:15:02.222229
0,0,0,0.0,0,0,2023-11-15 00:15:03.222229
1,2023-11-15 00:15:03,49103000,0.0030524,149881,1,2023-11-15 00:15:04.222230
0,2023-11-15 00:15:04,49103000,0.04093352,9999,2,2023-11-15 00:15:05.222230
1,2023-11-15 00:15:04,49104308,0.9254,3128243,4,2023-11-15 00:15:05.222230
1,2023-11-15 00:15:06,49101000,0.02989,122261,2,2023-11-15 00:15:06.222230
0,2023-11-15 00:15:06,49105946,0.01017699,445191,2,2023-11-15 00:15:07.222230
1,2023-11-15 00:15:07,49100999,0.0159,491010,2,2023-11-15 00:15:07.222230
0,2023-11-15 00:15:07,49155461,0.81625943,1527943,7,2023-11-15 00:15:08.222230
1,2023-11-15 00:15:07,49101000,0.1613,7919991,1,2023-11-15 00:15:08.222230
0,2023-11-15 00:15:08,49163000,0.0002,9832,1,2023-11-15 00:15:09.222231
0,2023-11-15 00:15:09,49162803,0.01018143,49161,2,2023-11-15 00:15:10.222231
1,2023-11-15 00:15:09,49106051,0.0289999999999999,662944,3,2023-11-15 00:15:10.222231
0,0,0,0.0,0,0,2023-11-15 00:15:11.222231
1,2023-11-15 00:15:11,49105350,0.59532295,7916693,5,2023-11-15 00:15:12.222231
0,0,0,0.0,0,0,2023-11-15 00:15:13.222231
0,2023-11-15 00:15:13,49159906,0.80361274,10909023,9,2023-11-15 00:15:14.222231
1,2023-11-15 00:15:14,49101000,0.1713,491010,2,2023-11-15 00:15:14.222231
1,2023-11-15 00:15:15,49103000,0.03213684,1361962,3,2023-11-15 00:15:15.222232
1,2023-11-15 00:15:16,49102000,0.22639999,3201449,2,2023-11-15 00:15:16.222232
0,2023-11-15 00:15:16,49160000,0.00407295,200226,1,2023-11-15 00:15:17.222233
0,2023-11-15 00:15:17,49159000,0.0002034,9998,1,2023-11-15 00:15:18.222236
1,2023-11-15 00:15:17,49103978,0.0646,34371,3,2023-11-15 00:15:18.222236
1,2023-11-15 00:15:18,49130000,0.00248,121842,1,2023-11-15 00:15:19.222237
0,2023-11-15 00:15:20,49166891,0.84320872,5385547,8,2023-11-15 00:15:20.222237
1,2023-11-15 00:15:19,49104047,0.0023,112733,2,2023-11-15 00:15:20.222237
1,2023-11-15 00:15:21,49104126,0.5695460499999999,9423825,3,2023-11-15 00:15:21.222237
0,0,0,0.0,0,0,2023-11-15 00:15:22.222238
1,2023-11-15 00:15:23,49101577,0.1996,1885593,2,2023-11-15 00:15:23.222238
0,2023-11-15 00:15:23,49106000,0.01,491060,1,2023-11-15 00:15:24.222238
1,2023-11-15 00:15:23,49103029,0.061437,893545,4,2023-11-15 00:15:24.222238
1,2023-11-15 00:15:24,49101305,0.0179,103042,3,2023-11-15 00:15:25.222238
0,2023-11-15 00:15:26,49170593,0.80889926,28700280,7,2023-11-15 00:15:26.222239
1,2023-11-15 00:15:25,49101000,0.277611,2931329,4,2023-11-15 00:15:26.222239
1,2023-11-15 00:15:27,49102000,0.18925961,2455100,4,2023-11-15 00:15:27.222241
1,2023-11-15 00:15:28,49101000,0.1009999999999999,491010,2,2023-11-15 00:15:28.222241
0,2023-11-15 00:15:28,49102000,0.0608,2985401,1,2023-11-15 00:15:29.222241
1,2023-11-15 00:15:29,49101571,0.6082670000000001,18486526,5,2023-11-15 00:15:29.222241
1,2023-11-15 00:15:30,49101000,0.1306,2455050,2,2023-11-15 00:15:30.222243
0,2023-11-15 00:15:31,49104000,0.00203649,99999,1,2023-11-15 00:15:31.222244
1,2023-11-15 00:15:31,49101000,0.0636849999999999,274965,2,2023-11-15 00:15:31.222244
0,2023-11-15 00:15:31,49103000,0.02036493,999979,1,2023-11-15 00:15:32.222244
1,2023-11-15 00:15:32,49101000,0.118989,491010,3,2023-11-15 00:15:32.222244
0,2023-11-15 00:15:32,49152919,0.80123784,7881,7,2023-11-15 00:15:33.222245
1,2023-11-15 00:15:33,49102792,0.18749731,176767,4,2023-11-15 00:15:33.222245
1,2023-11-15 00:15:34,49101391,0.0567,1090064,2,2023-11-15 00:15:34.222246
1,2023-11-15 00:15:35,49108000,0.0542,2661653,1,2023-11-15 00:15:35.222246
1,2023-11-15 00:15:35,49107721,0.01102182,50176,2,2023-11-15 00:15:36.222247
1,2023-11-15 00:15:36,49104000,0.05,2455200,1,2023-11-15 00:15:37.222248
0,2023-11-15 00:15:37,49165000,0.00099664,48999,1,2023-11-15 00:15:38.222249
1,2023-11-15 00:15:38,49104543,0.1337,258733,6,2023-11-15 00:15:38.222249
0,0,0,0.0,0,0,2023-11-15 00:15:39.222249
0,2023-11-15 00:15:40,49163966,0.87530881,21406,12,2023-11-15 00:15:40.222250
1,2023-11-15 00:15:39,49105152,0.03829432,43215,4,2023-11-15 00:15:40.222250
0,2023-11-15 00:15:41,49110000,0.00087684,43061,1,2023-11-15 00:15:41.222250
1,2023-11-15 00:15:41,49110529,0.51936,22085904,3,2023-11-15 00:15:41.222250
0,2023-11-15 00:15:41,49105000,0.063155,3101226,1,2023-11-15 00:15:42.222251
1,2023-11-15 00:15:41,49102000,0.0687,3373307,1,2023-11-15 00:15:42.222251
1,2023-11-15 00:15:43,49102871,0.1583999999999999,176774,6,2023-11-15 00:15:43.222252
1,2023-11-15 00:15:44,49102414,0.0809599999999999,269078,5,2023-11-15 00:15:44.222253
0,2023-11-15 00:15:44,49171449,0.8012368400000001,6692361,9,2023-11-15 00:15:45.222253
1,2023-11-15 00:15:45,49103363,0.11818493,12449,6,2023-11-15 00:15:45.222253
0,2023-11-15 00:15:46,49169036,0.37383803,3718094,6,2023-11-15 00:15:46.222254
1,2023-11-15 00:15:45,49103000,0.00548,269084,1,2023-11-15 00:15:46.222254
0,0,0,0.0,0,0,2023-11-15 00:15:47.222255
0,2023-11-15 00:15:47,49165479,0.00243971,19999,2,2023-11-15 00:15:48.222256
1,2023-11-15 00:15:47,49102184,0.1744338799999999,3152348,11,2023-11-15 00:15:48.222256
1,2023-11-15 00:15:49,49102000,0.124,5049892,3,2023-11-15 00:15:49.222257
1,2023-11-15 00:15:50,49101689,0.230557,2946060,5,2023-11-15 00:15:50.222258
0,2023-11-15 00:15:50,49142977,0.8009891800000001,3363829,5,2023-11-15 00:15:51.222259
1,2023-11-15 00:15:51,49101305,0.36288885,1546681,10,2023-11-15 00:15:51.222259
0,2023-11-15 00:15:51,49102000,0.0121,594134,1,2023-11-15 00:15:52.222260
1,2023-11-15 00:15:51,49104737,0.198056,4790487,3,2023-11-15 00:15:52.222260
0,2023-11-15 00:15:53,49105000,0.00022146,10874,1,2023-11-15 00:15:53.222260
1,2023-11-15 00:15:53,49101000,0.083767,520470,3,2023-11-15 00:15:53.222260
1,2023-11-15 00:15:54,49101494,0.2442387699999999,5688969,7,2023-11-15 00:15:54.222261
1,2023-11-15 00:15:55,49101000,0.49458401,11219578,5,2023-11-15 00:15:55.222262
1,2023-11-15 00:15:55,49101000,0.32941,3437070,4,2023-11-15 00:15:56.222263
0,2023-11-15 00:15:56,49157346,0.8015322800000001,3118978,12,2023-11-15 00:15:57.222263
1,2023-11-15 00:15:57,49101923,0.4685,545043,20,2023-11-15 00:15:57.222263
0,2023-11-15 00:15:57,49103000,0.02098177,1030267,1,2023-11-15 00:15:58.222263
1,2023-11-15 00:15:57,49102158,0.11644823,1473060,5,2023-11-15 00:15:58.222263
1,2023-11-15 00:15:59,49102017,0.06762623,33204,6,2023-11-15 00:15:59.222264
0,2023-11-15 00:15:59,49103000,0.0685,3363555,1,2023-11-15 00:16:00.222265
0,2023-11-15 00:16:01,49161000,0.00203311,99949,1,2023-11-15 00:16:01.222265
1,2023-11-15 00:16:01,49104000,0.134147,5386708,3,2023-11-15 00:16:01.222265
1,2023-11-15 00:16:01,49102047,0.1316,1846235,7,2023-11-15 00:16:02.222266
0,2023-11-15 00:16:02,49154309,0.8017306900000001,4053595,7,2023-11-15 00:16:03.222266
1,2023-11-15 00:16:03,49102431,0.1462,3098399,4,2023-11-15 00:16:03.222266
0,2023-11-15 00:16:03,49102000,0.00712285,150002,2,2023-11-15 00:16:04.222266
1,2023-11-15 00:16:04,49101608,0.3677721499999999,250410,13,2023-11-15 00:16:04.222266
1,2023-11-15 00:16:05,49100002,0.6896720000000001,687400,6,2023-11-15 00:16:05.222268
0,2023-11-15 00:16:05,49101000,0.02240143,1099932,1,2023-11-15 00:16:06.222268
1,2023-11-15 00:16:06,49100000,0.24218299,491000,9,2023-11-15 00:16:06.222268
0,2023-11-15 00:16:06,49101000,0.00364075,9820,2,2023-11-15 00:16:07.222269
1,2023-11-15 00:16:07,49100000,0.50880799,1473000,12,2023-11-15 00:16:07.222269
1,2023-11-15 00:16:07,49100000,0.0503,996729,2,2023-11-15 00:16:08.222270
0,2023-11-15 00:16:08,49136116,0.8043267199999999,28546,14,2023-11-15 00:16:09.222270
1,2023-11-15 00:16:09,49100343,0.0274,152213,3,2023-11-15 00:16:09.222270
1,2023-11-15 00:16:10,49100036,0.34089405,530280,11,2023-11-15 00:16:10.222271
1,2023-11-15 00:16:11,49100000,0.651077,2170220,7,2023-11-15 00:16:11.222272
0,2023-11-15 00:16:12,49101000,0.00508544,249700,1,2023-11-15 00:16:12.222273
1,2023-11-15 00:16:11,49100000,0.1006100599999999,2307700,6,2023-11-15 00:16:12.222273
0,2023-11-15 00:16:12,49100625,0.01632563,299843,2,2023-11-15 00:16:13.222274
1,2023-11-15 00:16:13,49097933,0.41738463,1448184,22,2023-11-15 00:16:13.222274
0,2023-11-15 00:16:13,49099593,0.16320857,432080,5,2023-11-15 00:16:14.222274
1,2023-11-15 00:16:13,49097026,0.1344,4419000,2,2023-11-15 00:16:14.222274
0,2023-11-15 00:16:14,49117640,0.80229623,4916600,12,2023-11-15 00:16:15.222274
1,2023-11-15 00:16:15,49100360,0.304,5386379,5,2023-11-15 00:16:15.222274
1,2023-11-15 00:16:16,49100708,0.09320775,336224,3,2023-11-15 00:16:16.222274
1,2023-11-15 00:16:17,49100000,0.0281,387890,4,2023-11-15 00:16:17.222274
0,2023-11-15 00:16:17,49100999,0.0313,525380,4,2023-11-15 00:16:18.222274
1,2023-11-15 00:16:18,49101000,0.0298,1463209,1,2023-11-15 00:16:18.222274
1,2023-11-15 00:16:19,49100832,0.33442,349592,4,2023-11-15 00:16:19.222276
1,2023-11-15 00:16:19,49100000,0.1740999999999999,3791578,5,2023-11-15 00:16:20.222277
0,2023-11-15 00:16:21,49171638,0.80266393,3191658,6,2023-11-15 00:16:21.222277
1,2023-11-15 00:16:21,49098683,0.01913487,176734,2,2023-11-15 00:16:21.222277
1,2023-11-15 00:16:22,49093926,0.15865849,569895,6,2023-11-15 00:16:22.222279
0,2023-11-15 00:16:23,49093000,0.00480526,235904,1,2023-11-15 00:16:23.222279
1,2023-11-15 00:16:23,49087883,1.12097059,63208,30,2023-11-15 00:16:23.222279
1,2023-11-15 00:16:24,49089460,0.1187,490810,6,2023-11-15 00:16:24.222280
1,2023-11-15 00:16:24,49081000,0.01759452,372746,2,2023-11-15 00:16:25.222280
0,2023-11-15 00:16:26,49093000,0.0002,9818,1,2023-11-15 00:16:26.222280
1,2023-11-15 00:16:26,49081496,0.1387601299999999,2110440,9,2023-11-15 00:16:26.222280
0,2023-11-15 00:16:27,49141578,0.8008906,4849044,6,2023-11-15 00:16:27.222281
1,2023-11-15 00:16:26,49080000,0.1716947399999999,3936215,3,2023-11-15 00:16:27.222281
1,2023-11-15 00:16:27,49080353,0.0314,544799,2,2023-11-15 00:16:28.222282
1,2023-11-15 00:16:28,49080000,0.2217,10881036,1,2023-11-15 00:16:29.222282
0,2023-11-15 00:16:29,49091000,0.00203703,99999,1,2023-11-15 00:16:30.222284
1,2023-11-15 00:16:30,49080000,0.0471,657672,4,2023-11-15 00:16:30.222284
1,2023-11-15 00:16:30,49080000,0.01527435,749665,1,2023-11-15 00:16:31.222285
1,2023-11-15 00:16:31,49080000,0.07631114,1055766,2,2023-11-15 00:16:32.222285
1,2023-11-15 00:16:32,49080000,0.079,2689584,3,2023-11-15 00:16:33.222285
0,2023-11-15 00:16:33,49122567,0.8028192000000001,1100000,4,2023-11-15 00:16:34.222286
1,2023-11-15 00:16:33,49080960,0.10883692,1432539,4,2023-11-15 00:16:34.222286
1,2023-11-15 00:16:34,49080918,0.5441,1472400,3,2023-11-15 00:16:35.222286
1,2023-11-15 00:16:36,49080000,0.00137959,67710,1,2023-11-15 00:16:36.222287
1,2023-11-15 00:16:36,49080000,0.0191,490800,2,2023-11-15 00:16:37.222288
1,2023-11-15 00:16:37,49080000,0.03610343,299556,2,2023-11-15 00:16:38.222288
1,2023-11-15 00:16:38,49080000,0.0257,544788,2,2023-11-15 00:16:39.222288
0,2023-11-15 00:16:39,49144644,0.80202255,25498227,4,2023-11-15 00:16:40.222289
1,2023-11-15 00:16:40,49082000,0.0472,490820,3,2023-11-15 00:16:40.222289
0,2023-11-15 00:16:40,49139999,0.000407,19999,1,2023-11-15 00:16:41.222290
1,2023-11-15 00:16:40,49081999,0.0257,392656,3,2023-11-15 00:16:41.222290
1,2023-11-15 00:16:41,49083000,0.0036,176698,1,2023-11-15 00:16:42.222291
1,2023-11-15 00:16:42,49082999,0.0478,2346167,1,2023-11-15 00:16:43.222291
1,2023-11-15 00:16:43,49083000,0.01,490830,1,2023-11-15 00:16:44.222292
1,2023-11-15 00:16:44,49082587,0.014,283273,3,2023-11-15 00:16:45.222293
0,2023-11-15 00:16:45,49158161,0.8084864099999999,4918100,14,2023-11-15 00:16:46.222294
1,2023-11-15 00:16:46,49090319,0.03737118,525124,4,2023-11-15 00:16:46.222294
1,2023-11-15 00:16:46,49092856,0.2758230399999999,2705024,7,2023-11-15 00:16:47.222294
0,2023-11-15 00:16:47,49091000,0.0148,726546,1,2023-11-15 00:16:48.222294
0,2023-11-15 00:16:49,49092000,0.0185,908202,1,2023-11-15 00:16:49.222295
1,2023-11-15 00:16:48,49088999,0.0855,4197109,1,2023-11-15 00:16:49.222295
0,2023-11-15 00:16:50,49092000,0.01,490920,1,2023-11-15 00:16:50.222296
1,2023-11-15 00:16:49,49088000,0.007,343616,1,2023-11-15 00:16:50.222296
0,2023-11-15 00:16:51,49172000,0.0001017,5000,1,2023-11-15 00:16:51.222297
1,2023-11-15 00:16:51,49088097,0.244554,97709,3,2023-11-15 00:16:51.222297
0,2023-11-15 00:16:51,49170526,0.8016297900000001,5280,7,2023-11-15 00:16:52.222297
1,2023-11-15 00:16:51,49084301,0.04984982,2348660,4,2023-11-15 00:16:52.222297
1,2023-11-15 00:16:53,49089834,0.1009999999999999,196376,4,2023-11-15 00:16:53.222297
0,2023-11-15 00:16:53,49093000,0.01,490930,1,2023-11-15 00:16:54.222297
1,2023-11-15 00:16:53,49094000,0.083,4074802,1,2023-11-15 00:16:54.222297
1,2023-11-15 00:16:54,49094000,0.03701,319601,3,2023-11-15 00:16:55.222297
1,2023-11-15 00:16:56,49092999,0.0331,726576,2,2023-11-15 00:16:56.222298
1,2023-11-15 00:16:56,49092599,0.1830999999999999,1963680,3,2023-11-15 00:16:57.222299
0,0,0,0.0,0,0,2023-11-15 00:16:58.222299
0,2023-11-15 00:16:57,49161241,0.8022254700000001,3751504,12,2023-11-15 00:16:59.222300
1,2023-11-15 00:16:58,49088000,0.0962,265075,5,2023-11-15 00:16:59.222300
1,2023-11-15 00:16:59,49090000,0.0295999999999999,1276340,2,2023-11-15 00:17:00.222300
1,2023-11-15 00:17:01,49090000,0.0315,319085,4,2023-11-15 00:17:01.222300
0,0,0,0.0,0,0,2023-11-15 00:17:02.222300
1,2023-11-15 00:17:02,49090222,0.036,4909,4,2023-11-15 00:17:03.222301
0,2023-11-15 00:17:03,49178772,0.80098697,107785,18,2023-11-15 00:17:04.222301
1,2023-11-15 00:17:04,49091499,0.01334,490920,2,2023-11-15 00:17:04.222301
0,2023-11-15 00:17:04,49092000,0.0939,4609738,1,2023-11-15 00:17:05.222302
1,2023-11-15 00:17:04,49092000,0.033,1320083,2,2023-11-15 00:17:05.222302
1,2023-11-15 00:17:06,49089760,0.17017,809910,5,2023-11-15 00:17:06.222303
0,2023-11-15 00:17:06,49090000,0.02012829,497197,2,2023-11-15 00:17:07.222303
1,2023-11-15 00:17:06,49094000,0.0045,220922,1,2023-11-15 00:17:07.222303
1,2023-11-15 00:17:07,49094000,0.02034,998571,1,2023-11-15 00:17:08.222304
1,2023-11-15 00:17:08,49094000,0.0054,265107,1,2023-11-15 00:17:09.222304
0,2023-11-15 00:17:09,49184999,0.93645552,2145740,15,2023-11-15 00:17:10.222304
1,2023-11-15 00:17:09,49096000,0.03747017,999103,3,2023-11-15 00:17:10.222304
1,2023-11-15 00:17:10,49098292,0.128496,1035946,5,2023-11-15 00:17:11.222305
1,2023-11-15 00:17:11,49112453,0.161376,774506,5,2023-11-15 00:17:12.222305
0,2023-11-15 00:17:12,49109000,0.0067845,333180,1,2023-11-15 00:17:13.222306
1,2023-11-15 00:17:13,49111066,0.36688091,230831,7,2023-11-15 00:17:13.222306
1,2023-11-15 00:17:13,49113324,0.148,2357472,2,2023-11-15 00:17:14.222307
1,2023-11-15 00:17:15,49093594,0.0808,353484,6,2023-11-15 00:17:15.222308
0,2023-11-15 00:17:15,49154336,0.80994392,575982,6,2023-11-15 00:17:16.222308
1,2023-11-15 00:17:15,49095000,0.0367,1801786,1,2023-11-15 00:17:16.222308
1,2023-11-15 00:17:16,49097000,0.183,1767491,2,2023-11-15 00:17:17.222308
0,2023-11-15 00:17:17,49093336,0.03240892,1055182,2,2023-11-15 00:17:18.222309
1,2023-11-15 00:17:17,49093395,0.03709108,1099999,3,2023-11-15 00:17:18.222309
0,2023-11-15 00:17:19,49094000,0.01,490940,1,2023-11-15 00:17:19.222310
1,2023-11-15 00:17:19,49093901,0.01096,260214,2,2023-11-15 00:17:19.222310
1,2023-11-15 00:17:19,49097000,0.00496062,243551,1,2023-11-15 00:17:20.222310
1,2023-11-15 00:17:20,49093526,0.03248938,839507,2,2023-11-15 00:17:21.222311
0,0,0,0.0,0,0,2023-11-15 00:17:22.222312
0,2023-11-15 00:17:22,49150754,0.80348618,136518,10,2023-11-15 00:17:23.222312
1,2023-11-15 00:17:22,49090312,0.10579684,244473,10,2023-11-15 00:17:23.222312
1,2023-11-15 00:17:23,49089168,0.0961845799999999,28697,4,2023-11-15 00:17:24.222313
1,2023-11-15 00:17:25,49092939,0.0106013599999999,29521,3,2023-11-15 00:17:25.222314
1,2023-11-15 00:17:25,49092000,0.0124199999999999,176731,3,2023-11-15 00:17:26.222315
0,0,0,0.0,0,0,2023-11-15 00:17:27.222316
0,2023-11-15 00:17:28,49130599,0.80097832,10247792,7,2023-11-15 00:17:28.222316
1,2023-11-15 00:17:27,49090529,0.1681,176724,6,2023-11-15 00:17:28.222316
1,2023-11-15 00:17:28,49088478,0.0358222,87232,3,2023-11-15 00:17:29.222317
0,2023-11-15 00:17:29,49092000,0.01,490920,1,2023-11-15 00:17:30.222318
1,2023-11-15 00:17:29,49091000,0.0036,176727,1,2023-11-15 00:17:30.222318
1,2023-11-15 00:17:31,49096945,0.08237502,44358,4,2023-11-15 00:17:31.222318
1,2023-11-15 00:17:31,49092000,0.02723611,1337075,1,2023-11-15 00:17:32.222318
1,2023-11-15 00:17:32,49092000,0.01,490920,1,2023-11-15 00:17:33.222319
0,0,0,0.0,0,0,2023-11-15 00:17:34.222320
0,2023-11-15 00:17:34,49143255,0.80108004,17862479,6,2023-11-15 00:17:35.222320
1,2023-11-15 00:17:35,49100839,0.0758,58917,3,2023-11-15 00:17:35.222320
1,2023-11-15 00:17:35,49095208,0.0015,34265,2,2023-11-15 00:17:36.222321
1,2023-11-15 00:17:36,49091999,0.01171,574867,1,2023-11-15 00:17:37.222321
1,2023-11-15 00:17:37,49094000,0.0116,147282,2,2023-11-15 00:17:38.222321
0,2023-11-15 00:17:38,49127000,0.02483292,1219966,1,2023-11-15 00:17:39.222322
0,0,0,0.0,0,0,2023-11-15 00:17:40.222322
0,2023-11-15 00:17:40,49159538,0.80156812,21059727,9,2023-11-15 00:17:41.222322
1,2023-11-15 00:17:39,49093000,0.002,98186,1,2023-11-15 00:17:41.222322
1,2023-11-15 00:17:41,49093000,0.1138999999999999,2690296,4,2023-11-15 00:17:42.222322
0,2023-11-15 00:17:42,49093000,0.01,490930,1,2023-11-15 00:17:43.222323
1,2023-11-15 00:17:42,49092000,0.0098,481101,1,2023-11-15 00:17:43.222323
1,2023-11-15 00:17:43,49100000,0.065055,2420630,2,2023-11-15 00:17:44.222324
1,2023-11-15 00:17:45,49099472,0.0415103599999999,338790,5,2023-11-15 00:17:45.222325
1,2023-11-15 00:17:46,49100000,0.0106880799999999,176760,2,2023-11-15 00:17:46.222325
0,2023-11-15 00:17:46,49153751,0.8023585199999999,5600349,7,2023-11-15 00:17:47.222326
1,2023-11-15 00:17:46,49099187,0.1198999999999999,613826,3,2023-11-15 00:17:47.222326
1,2023-11-15 00:17:47,49098384,0.02118889,840340,2,2023-11-15 00:17:48.222327
1,2023-11-15 00:17:48,49098000,0.03542136,403652,2,2023-11-15 00:17:49.222328
1,2023-11-15 00:17:50,49098000,0.07163,196392,4,2023-11-15 00:17:50.222328
0,2023-11-15 00:17:50,49098999,0.00296365,135692,2,2023-11-15 00:17:51.222328
1,2023-11-15 00:17:50,49098327,0.10765111,3588878,4,2023-11-15 00:17:51.222328
1,2023-11-15 00:17:52,49099000,0.027348,476260,2,2023-11-15 00:17:52.222329
0,2023-11-15 00:17:52,49167849,0.8009486699999999,98328,8,2023-11-15 00:17:53.222330
0,2023-11-15 00:17:54,49099000,0.0122,108017,2,2023-11-15 00:17:54.222331
1,2023-11-15 00:17:54,49098073,0.03808689,137477,5,2023-11-15 00:17:54.222331
1,2023-11-15 00:17:54,49099000,0.0013,63828,1,2023-11-15 00:17:55.222332
1,2023-11-15 00:17:56,49104181,0.1519249999999999,246421,6,2023-11-15 00:17:56.222332
1,2023-11-15 00:17:56,49102699,0.02107347,240585,4,2023-11-15 00:17:57.222333
1,2023-11-15 00:17:57,49099000,0.0024,117837,1,2023-11-15 00:17:58.222333
0,2023-11-15 00:17:58,49168695,0.80451316,10000441,6,2023-11-15 00:17:59.222334
1,2023-11-15 00:17:58,49099080,0.034571,137480,3,2023-11-15 00:17:59.222334
0,2023-11-15 00:18:00,49101760,0.0142,176774,2,2023-11-15 00:18:00.222334
1,2023-11-15 00:17:59,49101950,0.52307631,24551000,3,2023-11-15 00:18:00.222334
1,2023-11-15 00:18:00,49108000,0.035434,1740092,1,2023-11-15 00:18:01.222334
1,2023-11-15 00:18:02,49102000,0.00317938,156113,1,2023-11-15 00:18:02.222335
1,2023-11-15 00:18:03,49101000,0.01242,118824,2,2023-11-15 00:18:03.222336
0,2023-11-15 00:18:03,49103000,0.0003,14730,1,2023-11-15 00:18:04.222336
1,2023-11-15 00:18:03,49100684,0.0659,409913,3,2023-11-15 00:18:04.222336
0,2023-11-15 00:18:04,49170390,0.8008928399999999,519757,14,2023-11-15 00:18:05.222337
1,2023-11-15 00:18:05,49103713,0.163225,3859260,5,2023-11-15 00:18:05.222337
0,0,0,0.0,0,0,2023-11-15 00:18:06.222337
1,2023-11-15 00:18:06,49104307,0.135255,325001,3,2023-11-15 00:18:07.222337
0,0,0,0.0,0,0,2023-11-15 00:18:08.222337
0,2023-11-15 00:18:09,49098681,0.04284237,139568,3,2023-11-15 00:18:09.222337
1,2023-11-15 00:18:09,49094167,0.3360999999999999,186587,16,2023-11-15 00:18:09.222337
0,0,0,0.0,0,0,2023-11-15 00:18:10.222337
0,2023-11-15 00:18:10,49147866,0.8030455299999999,12788596,8,2023-11-15 00:18:11.222337
1,2023-11-15 00:18:10,49101999,0.01186,91329,2,2023-11-15 00:18:11.222337
0,2023-11-15 00:18:11,49104999,0.00928938,156123,2,2023-11-15 00:18:12.222338
1,2023-11-15 00:18:11,49102000,0.00102643,50399,1,2023-11-15 00:18:12.222338
0,2023-11-15 00:18:13,49100000,0.00020366,9999,1,2023-11-15 00:18:13.222338
1,2023-11-15 00:18:13,49096348,0.14004009,9818,11,2023-11-15 00:18:13.222338
1,2023-11-15 00:18:14,49091999,0.14,4909200,2,2023-11-15 00:18:14.222339
0,0,0,0.0,0,0,2023-11-15 00:18:15.222340
1,2023-11-15 00:18:15,49092000,0.10249961,3927360,2,2023-11-15 00:18:16.222340
0,2023-11-15 00:18:16,49139682,0.80834354,354586,10,2023-11-15 00:18:17.222340
1,2023-11-15 00:18:16,49091999,0.0141,201277,2,2023-11-15 00:18:17.222340
0,0,0,0.0,0,0,2023-11-15 00:18:18.222340
0,0,0,0.0,0,0,2023-11-15 00:18:19.222348
0,0,0,0.0,0,0,2023-11-15 00:18:20.222348
0,2023-11-15 00:18:20,49095000,0.01,440950,2,2023-11-15 00:18:21.222348
1,2023-11-15 00:18:21,49100500,0.0106,260235,2,2023-11-15 00:18:22.222348
0,0,0,0.0,0,0,2023-11-15 00:18:23.222349
0,2023-11-15 00:18:24,49191025,0.81317771,525199,9,2023-11-15 00:18:24.222349
0,0,0,0.0,0,0,2023-11-15 00:18:25.222349
1,2023-11-15 00:18:26,49095136,0.134,986769,6,2023-11-15 00:18:26.222350
1,2023-11-15 00:18:26,49092000,0.00734319,220156,2,2023-11-15 00:18:27.222351
0,0,0,0.0,0,0,2023-11-15 00:18:28.222352
0,2023-11-15 00:18:29,49156814,0.8037163799999999,1028082,4,2023-11-15 00:18:29.222353
1,2023-11-15 00:18:28,49094000,0.0081,397661,1,2023-11-15 00:18:29.222353
0,0,0,0.0,0,0,2023-11-15 00:18:30.222354
1,2023-11-15 00:18:30,49093688,0.0163999999999999,63214,3,2023-11-15 00:18:31.222355
0,0,0,0.0,0,0,2023-11-15 00:18:32.222355
0,0,0,0.0,0,0,2023-11-15 00:18:33.222356
1,2023-11-15 00:18:34,49095000,0.0049,240565,1,2023-11-15 00:18:34.222356
0,2023-11-15 00:18:35,49168061,0.80127089,173056,10,2023-11-15 00:18:35.222356
1,2023-11-15 00:18:36,49102000,0.0046,225869,1,2023-11-15 00:18:36.222357
1,2023-11-15 00:18:36,49096000,0.00741842,364214,1,2023-11-15 00:18:37.222357
1,2023-11-15 00:18:38,49099170,0.0759249999999999,176742,4,2023-11-15 00:18:38.222357
1,2023-11-15 00:18:38,49095000,0.1029389999999999,4896686,2,2023-11-15 00:18:39.222357
0,2023-11-15 00:18:39,49096000,0.0081463,399950,1,2023-11-15 00:18:40.222358
1,2023-11-15 00:18:40,49095000,0.663461,4322912,4,2023-11-15 00:18:40.222358
1,2023-11-15 00:18:41,49093157,0.2789,49713,15,2023-11-15 00:18:41.222359
0,2023-11-15 00:18:41,49119875,0.8110062699999999,490930,11,2023-11-15 00:18:42.222359
1,2023-11-15 00:18:42,49095000,0.01,490950,1,2023-11-15 00:18:42.222359
1,2023-11-15 00:18:42,49092027,0.27443576,11782,6,2023-11-15 00:18:43.222366
1,2023-11-15 00:18:44,49093318,0.222772,490930,7,2023-11-15 00:18:44.222367
1,2023-11-15 00:18:44,49093000,0.0135,171825,2,2023-11-15 00:18:45.222367
1,2023-11-15 00:18:46,49098598,0.0688,1463239,2,2023-11-15 00:18:46.222368
1,2023-11-15 00:18:47,49104000,0.016191,795042,1,2023-11-15 00:18:47.222369
0,2023-11-15 00:18:47,49169069,0.80180283,525937,4,2023-11-15 00:18:48.222369
1,2023-11-15 00:18:48,49114162,0.04563454,1483273,4,2023-11-15 00:18:48.222369
1,2023-11-15 00:18:48,49117755,0.35072,15575317,3,2023-11-15 00:18:49.222370
1,2023-11-15 00:18:50,49115986,0.11863827,1571680,5,2023-11-15 00:18:50.222370
0,2023-11-15 00:18:50,49117000,0.00659585,323968,1,2023-11-15 00:18:51.222371
1,2023-11-15 00:18:51,49112442,0.09110638,594094,4,2023-11-15 00:18:51.222371
1,2023-11-15 00:18:52,49101328,0.07484804,288426,5,2023-11-15 00:18:52.222371
1,2023-11-15 00:18:53,49101019,0.05230268,1180211,4,2023-11-15 00:18:53.222371
0,2023-11-15 00:18:53,49140105,0.8009996300000001,1727568,7,2023-11-15 00:18:54.222371
1,2023-11-15 00:18:53,49092158,0.10287828,2002953,4,2023-11-15 00:18:54.222371
1,2023-11-15 00:18:54,49092000,0.00429281,210742,1,2023-11-15 00:18:55.222371
1,2023-11-15 00:18:55,49095000,0.21344004,114884,3,2023-11-15 00:18:56.222371
0,0,0,0.0,0,0,2023-11-15 00:18:57.222371
1,2023-11-15 00:18:57,49095000,0.07581707,2003076,3,2023-11-15 00:18:58.222371
1,2023-11-15 00:18:58,49095000,0.0044633,219125,1,2023-11-15 00:18:59.222371
0,2023-11-15 00:18:59,49117901,0.80259987,26123770,4,2023-11-15 00:19:00.222372
1,2023-11-15 00:18:59,49095000,0.1222999999999999,5606649,2,2023-11-15 00:19:00.222372
0,2023-11-15 00:19:01,49096267,0.02056353,4998,3,2023-11-15 00:19:01.222372
1,2023-11-15 00:19:00,49096456,0.05849,309298,6,2023-11-15 00:19:01.222372
1,2023-11-15 00:19:02,49095570,0.03307482,225837,5,2023-11-15 00:19:02.222372
0,2023-11-15 00:19:02,49122000,0.01974563,969944,1,2023-11-15 00:19:03.222372
1,2023-11-15 00:19:02,49096000,0.00950586,466699,1,2023-11-15 00:19:03.222372
1,2023-11-15 00:19:03,49096315,0.41,16957758,2,2023-11-15 00:19:04.222373
1,2023-11-15 00:19:04,49095000,0.03,1472850,1,2023-11-15 00:19:05.222373
0,2023-11-15 00:19:05,49122379,0.8012241099999999,4419070,3,2023-11-15 00:19:06.222374
1,2023-11-15 00:19:06,49100000,0.02,491000,2,2023-11-15 00:19:06.222374
0,0,0,0.0,0,0,2023-11-15 00:19:07.222375
0,0,0,0.0,0,0,2023-11-15 00:19:08.222376
1,2023-11-15 00:19:08,49101000,0.0152,746335,1,2023-11-15 00:19:09.222377
1,2023-11-15 00:19:10,49097000,0.0248,166929,3,2023-11-15 00:19:10.222377
1,2023-11-15 00:19:10,49097000,0.0634,1129231,3,2023-11-15 00:19:11.222377
0,2023-11-15 00:19:11,49129572,0.80402564,9132268,6,2023-11-15 00:19:12.222378
1,2023-11-15 00:19:11,49095331,0.2075,628416,3,2023-11-15 00:19:12.222378
1,2023-11-15 00:19:12,49098000,0.0115,564627,1,2023-11-15 00:19:13.222378
1,2023-11-15 00:19:14,49098000,0.0036,176752,1,2023-11-15 00:19:14.222379
0,0,0,0.0,0,0,2023-11-15 00:19:15.222379
0,0,0,0.0,0,0,2023-11-15 00:19:16.222380
0,0,0,0.0,0,0,2023-11-15 00:19:17.222380
0,2023-11-15 00:19:17,49156559,0.80356677,4915800,8,2023-11-15 00:19:18.222380
1,2023-11-15 00:19:18,49102000,0.005,245510,1,2023-11-15 00:19:18.222380
0,0,0,0.0,0,0,2023-11-15 00:19:19.222381
1,2023-11-15 00:19:19,49101777,0.00201674,5006,2,2023-11-15 00:19:20.222382
0,0,0,0.0,0,0,2023-11-15 00:19:21.222383
0,2023-11-15 00:19:22,49102000,0.00010182,4999,1,2023-11-15 00:19:22.222384
1,2023-11-15 00:19:22,49097079,0.01787042,147291,4,2023-11-15 00:19:23.222384
0,2023-11-15 00:19:23,49156289,0.8018064600000001,5389910,8,2023-11-15 00:19:24.222385
1,2023-11-15 00:19:23,49099000,0.0023,112927,1,2023-11-15 00:19:24.222385
1,2023-11-15 00:19:24,49100000,0.00989818,486000,1,2023-11-15 00:19:25.222386
0,0,0,0.0,0,0,2023-11-15 00:19:26.222386
1,2023-11-15 00:19:27,49102000,0.0478,2347075,1,2023-11-15 00:19:27.222386
1,2023-11-15 00:19:28,49104313,0.0175,24275,3,2023-11-15 00:19:28.222386
0,0,0,0.0,0,0,2023-11-15 00:19:29.222386
0,2023-11-15 00:19:30,49157905,0.80270592,525787,5,2023-11-15 00:19:30.222387
0,2023-11-15 00:19:31,49156135,0.01314876,87632,2,2023-11-15 00:19:31.222388
1,2023-11-15 00:19:30,49104000,0.01,491040,1,2023-11-15 00:19:31.222388
0,2023-11-15 00:19:31,49155000,0.0406648,1998878,1,2023-11-15 00:19:32.222388
1,2023-11-15 00:19:31,49103999,0.07914001,807270,3,2023-11-15 00:19:32.222388
0,0,0,0.0,0,0,2023-11-15 00:19:33.222389
1,2023-11-15 00:19:34,49099997,0.0245,112927,4,2023-11-15 00:19:34.222389
0,2023-11-15 00:19:34,49152000,0.00039632,19479,1,2023-11-15 00:19:35.222390
1,2023-11-15 00:19:36,49098113,0.0668800099999999,212508,8,2023-11-15 00:19:36.222390
0,2023-11-15 00:19:36,49155758,0.80294676,10195456,7,2023-11-15 00:19:37.222390
1,2023-11-15 00:19:37,49100000,0.1065,4738150,2,2023-11-15 00:19:38.222391
0,0,0,0.0,0,0,2023-11-15 00:19:39.222392
1,2023-11-15 00:19:39,49112066,0.0299,1458626,2,2023-11-15 00:19:40.222393
1,2023-11-15 00:19:40,49097633,0.0099999999999999,20399,3,2023-11-15 00:19:41.222393
0,2023-11-15 00:19:41,49144000,0.02015069,990285,1,2023-11-15 00:19:42.222394
1,2023-11-15 00:19:41,49106000,0.0335,1345504,2,2023-11-15 00:19:42.222394
0,2023-11-15 00:19:42,49150754,0.8011613399999999,11390687,8,2023-11-15 00:19:43.222394
1,2023-11-15 00:19:43,49098200,0.045,525178,6,2023-11-15 00:19:44.222395
0,0,0,0.0,0,0,2023-11-15 00:19:45.222396
0,0,0,0.0,0,0,2023-11-15 00:19:46.222397
1,2023-11-15 00:19:46,49100000,0.01,491000,1,2023-11-15 00:19:47.222398
0,0,0,0.0,0,0,2023-11-15 00:19:48.222399
0,2023-11-15 00:19:48,49142628,0.80106288,20319361,5,2023-11-15 00:19:49.222399
1,2023-11-15 00:19:50,49097000,0.01,154892,3,2023-11-15 00:19:50.222400
0,2023-11-15 00:19:51,49143000,0.00447514,219921,1,2023-11-15 00:19:51.222401
1,2023-11-15 00:19:51,49099942,0.06804198,2718078,4,2023-11-15 00:19:52.222401
1,2023-11-15 00:19:52,49097018,0.0608,2931006,2,2023-11-15 00:19:53.222402
1,2023-11-15 00:19:54,49099517,0.0614469,1561380,3,2023-11-15 00:19:54.222402
0,2023-11-15 00:19:54,49143197,0.83716398,3253067,4,2023-11-15 00:19:55.222403
1,2023-11-15 00:19:56,49099614,0.08091327,138832,4,2023-11-15 00:19:56.222403
1,2023-11-15 00:19:56,49096757,0.02644001,490980,3,2023-11-15 00:19:57.222404
0,0,0,0.0,0,0,2023-11-15 00:19:58.222404
0,0,0,0.0,0,0,2023-11-15 00:19:59.222404
1,2023-11-15 00:20:00,49097265,0.09006001,1622934,6,2023-11-15 00:20:00.222404
0,0,0,0.0,0,0,2023-11-15 00:20:01.222405
0,2023-11-15 00:20:00,49135830,0.8016724699999999,18498642,9,2023-11-15 00:20:02.222405
1,2023-11-15 00:20:01,49103999,0.00638872,313711,1,2023-11-15 00:20:02.222405
1,2023-11-15 00:20:02,49104000,0.05761128,553,2,2023-11-15 00:20:03.222406
1,2023-11-15 00:20:03,49097751,0.26770243,137468,10,2023-11-15 00:20:04.222406
1,2023-11-15 00:20:05,49095350,0.43928783,161416,9,2023-11-15 00:20:05.222407
0,0,0,0.0,0,0,2023-11-15 00:20:06.222407
0,0,0,0.0,0,0,2023-11-15 00:20:07.222407
0,2023-11-15 00:20:06,49121383,0.80103323,281030,9,2023-11-15 00:20:08.222407
1,2023-11-15 00:20:07,49097106,0.01897804,440812,3,2023-11-15 00:20:08.222407
0,2023-11-15 00:20:08,49153421,0.02033431,525755,2,2023-11-15 00:20:09.222408
1,2023-11-15 00:20:10,49100000,0.09872998,3977100,3,2023-11-15 00:20:10.222409
1,2023-11-15 00:20:10,49100000,0.0133,653030,1,2023-11-15 00:20:11.222410
0,2023-11-15 00:20:11,49150000,0.04005258,1968584,1,2023-11-15 00:20:12.222411
1,2023-11-15 00:20:12,49100000,0.00107586,52824,1,2023-11-15 00:20:12.222411
0,0,0,0.0,0,0,2023-11-15 00:20:13.222411
0,2023-11-15 00:20:12,49154834,0.80111422,20796926,6,2023-11-15 00:20:14.222412
1,2023-11-15 00:20:14,49102173,0.0752454999999999,819612,4,2023-11-15 00:20:14.222412
0,0,0,0.0,0,0,2023-11-15 00:20:15.222412
0,0,0,0.0,0,0,2023-11-15 00:20:16.222412
0,2023-11-15 00:20:16,49101000,0.01,491010,1,2023-11-15 00:20:17.222412
1,2023-11-15 00:20:17,49101104,0.0337403899999999,473513,4,2023-11-15 00:20:17.222412
1,2023-11-15 00:20:17,49102000,0.018305,898812,1,2023-11-15 00:20:18.222413
0,0,0,0.0,0,0,2023-11-15 00:20:19.222414
0,2023-11-15 00:20:19,49151915,0.8323160900000001,491040,8,2023-11-15 00:20:20.222414
1,2023-11-15 00:20:20,49103615,0.03471,74156,4,2023-11-15 00:20:20.222414
0,2023-11-15 00:20:20,49110000,0.02034,998897,1,2023-11-15 00:20:21.222415
1,2023-11-15 00:20:20,49109000,0.09474556,4652859,1,2023-11-15 00:20:21.222415
0,2023-11-15 00:20:21,49112000,0.0022,108046,1,2023-11-15 00:20:22.222415
0,0,0,0.0,0,0,2023-11-15 00:20:23.222415
0,2023-11-15 00:20:23,49154999,0.00135603,66655,1,2023-11-15 00:20:24.222418
1,2023-11-15 00:20:24,49114302,0.1374245699999999,1345614,4,2023-11-15 00:20:24.222418
0,2023-11-15 00:20:25,49156709,0.80099698,1543498,5,2023-11-15 00:20:25.222418
1,2023-11-15 00:20:24,49110746,0.09,224210,4,2023-11-15 00:20:25.222418
1,2023-11-15 00:20:25,49112000,0.03,1473360,1,2023-11-15 00:20:26.222418
0,2023-11-15 00:20:26,49159000,0.0032522,159874,1,2023-11-15 00:20:27.222418
1,2023-11-15 00:20:26,49112000,0.02034,998938,1,2023-11-15 00:20:27.222418
0,2023-11-15 00:20:27,49107547,0.19137742,3799308,3,2023-11-15 00:20:28.222419
1,2023-11-15 00:20:27,49110980,0.11822258,103110,5,2023-11-15 00:20:28.222419
0,0,0,0.0,0,0,2023-11-15 00:20:29.222419
1,2023-11-15 00:20:30,49100191,0.0198,186583,2,2023-11-15 00:20:30.222419
0,2023-11-15 00:20:31,49152831,0.8012098,9997313,7,2023-11-15 00:20:31.222419
1,2023-11-15 00:20:31,49101000,0.09,4419090,1,2023-11-15 00:20:31.222419
1,2023-11-15 00:20:31,49101273,0.1093,1468149,5,2023-11-15 00:20:32.222419
1,2023-11-15 00:20:32,49102000,0.0815,245510,2,2023-11-15 00:20:33.222420
1,2023-11-15 00:20:33,49097200,0.71571957,33665,24,2023-11-15 00:20:34.222420
1,2023-11-15 00:20:34,49092758,0.1548,999999,7,2023-11-15 00:20:35.222420
1,2023-11-15 00:20:35,49091588,0.27505813,9999,13,2023-11-15 00:20:36.222421
1,2023-11-15 00:20:37,49090000,0.38186835,962164,6,2023-11-15 00:20:37.222422
0,2023-11-15 00:20:37,49129955,0.8009717800000001,4467189,10,2023-11-15 00:20:38.222423
1,2023-11-15 00:20:38,49091545,0.19851162,981860,5,2023-11-15 00:20:38.222423
1,2023-11-15 00:20:39,49090017,0.0691,96038,8,2023-11-15 00:20:39.222424
1,2023-11-15 00:20:40,49086871,0.39797109,5147931,21,2023-11-15 00:20:40.222425
1,2023-11-15 00:20:41,49091637,0.09839237,2865,6,2023-11-15 00:20:41.222425
0,2023-11-15 00:20:41,49082000,0.00909372,446337,1,2023-11-15 00:20:42.222425
1,2023-11-15 00:20:41,49081000,0.0104,373015,3,2023-11-15 00:20:42.222425
1,2023-11-15 00:20:43,49080510,0.2525,158710,6,2023-11-15 00:20:43.222425
0,2023-11-15 00:20:43,49153561,0.80828838,18898359,4,2023-11-15 00:20:44.222425
1,2023-11-15 00:20:43,49080820,0.1966316699999999,379470,3,2023-11-15 00:20:44.222425
0,2023-11-15 00:20:44,49151000,0.00010172,4999,1,2023-11-15 00:20:45.222426
1,2023-11-15 00:20:45,49080460,0.02170816,28048,4,2023-11-15 00:20:46.222426
1,2023-11-15 00:20:46,49080000,0.0072,353376,1,2023-11-15 00:20:47.222426
1,2023-11-15 00:20:47,49080394,0.0549,2163249,2,2023-11-15 00:20:48.222426
0,2023-11-15 00:20:48,49147436,0.0823633699999999,882881,2,2023-11-15 00:20:49.222426
1,2023-11-15 00:20:48,49091000,0.005,245455,1,2023-11-15 00:20:49.222426
0,2023-11-15 00:20:49,49150212,0.80132596,2019483,6,2023-11-15 00:20:50.222426
1,2023-11-15 00:20:49,49081545,0.0227,515350,4,2023-11-15 00:20:50.222426
